3014 4922
194 248 258 311 114
685 246 715 299 Ο.
731 246 865 314 Wagner:

194 418 310 492 legeret
332 415 459 474 tradidit
482 419 513 474 ct
534 414 618 491 prius
645 413 813 489 epistulam,
839 430 928 488 quam
952 413 991 471 ad
1016 412 1145 472 Rhodios
1169 412 1341 490 scripserat,
1361 403 1372 494 l]

140 511 244 557 f012115⁸
257 511 266 568 l
285 505 364 563 clare
380 504 500 563 recitari
514 503 610 562 iussit.
639 503 695 561 hoc
708 502 766 560 fuit
780 502 927 576 exemplo:
944 495 1019 559 ‘Rex
1032 499 1203 560 Alexander
1217 503 1324 560 senatu
1338 505 1373 559 et

141 569 197 624 ¹⁰⁷
214 594 324 669 populo
343 591 507 652 Rhodiensi
523 592 660 652 salutem.
687 609 742 650 nos
762 589 843 649 ultra
861 591 1029 649 columnam
1048 589 1186 649 Herculis
1204 589 1297 665 patrii
1315 608 1368 648 no·

195 684 251 741 stri
350 680 517 756 finibusque
536 681 574 739 ab
593 679 730 739 hostibus
751 680 894 738 abeuntes
913 679 1050 754 regniac
1070 697 1172 737 rerum
1195 681 1368 737 nostrarum

167 770 372 831 sdiuisionem
396 769 530 828 fecimus.
577 788 704 845 quarum
730 787 830 826 rerum
855 769 1064 843 procuratores
1091 767 1290 842 custodesque
1314 785 1367 825 uos

195 859 324 918 maxime
343 857 465 917 idoneos
485 858 632 931 duximus,
651 857 729 933 quod
748 856 806 914 fide
826 857 856 914 et
870 856 984 915 uirtute
999 855 1146 932 singulari
1162 856 1299 932 cognitos
1314 874 1368 914 uos

195 946 364 1022 habuimus,
389 949 420 1005 et
442 947 508 1005 ideo
533 947 638 1005 urbem
661 948 795 1006 uestram
818 944 938 1004 maximi
962 945 1093 1004 fecimus.
1131 943 1270 1021 quocirca

196 1035 342 1113 'siccabat
364 1035 396 1092 in
420 1035 496 1109 eius,
527 1054 562 1094 ex
585 1034 693 1111 oppido
712 1033 893 1111 praesidium
915 1033 1038 1092 educere
1063 1033 1276 1109 descripsimus
1300 1033 1369 1092 reli·

196 1124 322 1201 quisquc
345 1123 379 1182 in
397 1124 487 1182 rebus
511 1125 620 1183 uestris
639 1142 686 1182 me
708 1125 743 1182 ut
765 1141 924 1182 memorem
948 1121 1165 1198 intellegeretis
1186 1125 1369 1182 testamento

146 1222 203 1277 108
217 1213 437 1289 prospeximus,
461 1212 546 1272 cuius
575 1212 726 1288 exemplar
752 1209 837 1271 uobis
860 1211 1004 1270 misimus.
1052 1229 1106 1271 nos
1133 1209 1251 1285 iudicio,
1280 1214 1371 1286 prout

157 1323 181 1362 11
198 1303 340 1378 cuiusque
359 1302 500 1360 meritum
518 1320 552 1360 ac
571 1301 703 1377 dignitas
722 1299 905 1376 postulabat,
925 1300 952 1358 ei
971 1302 1067 1358 terras
1087 1299 1201 1358 insulas
1221 1318 1371 1376 agrosque
1448 1337 1455 1350 ·

146 1401 148 1404 ’
197 1389 397 1448 adtribuimus
423 1390 529 1465 hisque
555 1389 691 1448 omnibus
717 1388 975 1464 praescripsimus,
1003 1390 1038 1446 ut
1061 1406 1098 1447 ex
1123 1387 1249 1474 pecunia
1277 1389 1371 1463 regia,

198 1477 277 1554 quod
295 1478 401 1553 cuique
420 1477 485 1535 dari
502 1477 654 1552 iussimus,
672 1478 803 1535 dandum
819 1479 965 1552 curarent,
985 1476 1016 1534 in
1035 1477 1080 1534 his
1099 1476 1186 1536 uobis
1206 1477 1244 1534 ad
1263 1477 1371 1535 urbem

198 1567 361 1624 ornandam
386 1566 452 1623 auri
475 1565 586 1641 signati
609 1565 726 1624 talenta
744 1563 829 1638 OOC,
855 1565 886 1623 in
911 1583 1004 1623 annos
1030 1565 1165 1642 singulos
1192 1564 1286 1624 tritici
1311 1585 1372 1625 me-

144 1655 431 1718 r01.1rs¹]dimmum
451 1652 547 1713 0000
571 1653 655 1712 milia
678 1657 710 1712 et
734 1671 826 1712 naues
852 1655 958 1729 longas
981 1653 1043 1712 XL.
1061 1645 1070 1733 Η
1093 1655 1167 1712 item
1189 1654 1402 1732 scripsimus„

158 1765 184 1803 1s
198 1761 305 1820 eorpus
329 1742 372 1801 uti
396 1745 534 1802 nostrum
552 1742 584 1800 in
610 1742 784 1820 Aegyptum
811 1743 981 1817 portaretur
1010 1742 1112 1818 ibique
1140 1743 1311 1802 sacerdotes
1340 1744 1371 1801 id

198 1833 432 1908 componendum
455 1833 602 1891 curarent.
642 1850 698 1890 uos
725 1831 819 1907 igitur
843 1849 970 1907 aequum
994 1833 1040 1890 est
1063 1833 1165 1889 uestra
1189 1830 1312 1907 uirtute,
1337 1835 1373 1890 ut

146 1930 202 1984 100
218 1939 253 1980 ea
267 1922 312 1980 ita
326 1920 409 1994 fiant,
428 1939 549 1996 operam
563 1921 633 1979 dare
647 1924 808 1996 nostraque
822 1920 964 1978 mandata
978 1937 1045 1978 cum
1060 1937 1131 1978 cura
1145 1913 1269 1979 curare?
1304 1939 1371 1979 cum

198 2011 271 2068 haec
294 2012 326 2067 in
345 2008 474 2084 epistula
498 2010 610 2085 scripta
634 2013 747 2085 essent,
774 2011 989 2068 testamentum
1013 2009 1050 2066 ad
1074 2026 1177 2066 aurem
1200 2007 1259 2067 sibi
1283 2009 1374 2068 iussit

159 2119 186 2158 ao
199 2099 328 2157 recitari.
365 2099 395 2156 id
415 2098 605 2174 obsignatum
625 2098 718 2172 signis
737 2099 841 2157 multis
862 2097 989 2156 tradidit
1008 2095 1110 2156 Oloiae
1130 2097 1216 2172 eique
1235 2098 1374 2174 imperat,

199 2190 234 2245 ut
251 2186 382 2261 aliquem
401 2184 519 2244 fidelem
538 2185 699 2261 inueniret,
724 2186 773 2261 qui
796 2186 945 2261 epistulae
968 2186 1120 2260 exemplar
1144 2187 1373 2245 oblectamenti

199 2273 338 2332 Rhodum
352 2291 440 2349 quam
456 2275 587 2349 primum
601 2274 754 2348 perferret.
785 2271 884 2333 Olcias
900 2275 1074 2333 Thebanum
1090 2275 1239 2349 quendam
1254 2275 1373 2333 nomine

199 2362 350 2421 Ismenian
365 2361 531 2420 introduxit
546 2363 630 2436 eique
645 2361 762 2420 litteras
781 2361 907 2420 tradidit
926 2365 956 2420 et
975 2365 1009 2420 ut
1024 2381 1075 2421 rex
1090 2363 1298 2421 Thebaeorum

200 2449 440 2527 'stestamentum
450 2451 618 2530 tractasset,
634 2469 668 2510 cc
679 2449 852 2526 diligentius
865 2449 1050 2525 celeriusque
1061 2451 1198 2510 Rhodum
1210 2451 1372 2526 epistulam

148 2548 205 2603 110
219 2539 346 2614 pertulit
369 2537 522 2599 Ismenias.
568 2537 773 2597 Alexandrum
801 2539 984 2614 cataplasma
1011 2539 1050 2598 ab
1074 2539 1195 2598 Roxane
1223 2559 1315 2599 uxore
1342 2540 1373 2598 in

162 2650 188 2688 as
201 2627 377 2705 praecordia
400 2628 586 2687 elaboratum
610 2629 732 2688 leuabat
758 2628 933 2704 doloresque
960 2627 1024 2686 eius
1052 2627 1115 2686 dies
1135 2627 1162 2684 V
1180 2629 1371 2704 produxerat.

202 2716 308 2775 deinde
327 2735 394 2774 cum
413 2716 516 2776 bibere
536 2717 636 2791 uellet,
655 2717 793 2793 poculum
818 2734 932 2774 ueneno
959 2717 1156 2775 const'tutum
1183 2715 1210 2774 ei
1235 2717 1273 2774 ab
1297 2717 1375 2776 Iolla

148 2816 187 2856 101-
197 2809 251 2857 116ει
264 2810 273 2868 ll
291 2805 428 2863 dabatur.
443 2796 451 2885 l]
470 2805 521 2863 ille
542 2806 592 2863 ubi
611 2806 713 2881 ebibit,
732 2805 834 2865 dolore
848 2806 992 2864 renouato
1007 2805 1199 2880 exclamauit3
1218 2805 1325 2865 deinde
1344 2824 1374 2864 se

202 2893 348 2952 continuit
367 2897 398 2952 et
416 2894 569 2970 desperari
584 2912 614 2952 se
698 2894 778 2970 apud
792 2893 902 2953 amicos
917 2894 1035 2952 locutus
1050 2896 1110 2953 est:
1130 2887 1196 2970 ‘ego
1213 2912 1290 2969 quae
1306 2897 1375 2969 post

162 3003 189 3042 so
203 2984 330 3040 mortem
348 3000 446 3040 meam
465 2982 530 3042 fieri
548 2982 667 3061 uellem,
686 2985 866 3042 testamento
882 2982 993 3057 scripsi.
1027 3001 1104 3040 nunc
1120 2981 1239 3040 interim
1254 2985 1289 3040 tu
1304 2982 1375 3041 Per-

149 3079 205 3134 111
226 3071 307 3128 dicca
326 3075 356 3128 et
374 3071 534 3145 Antipater
552 3072 651 3130 uidete
671 3091 705 3131 ac
722 3070 844 3147 negotia
861 3063 1039 3145 procurate?
1077 3069 1183 3129 deinde
1202 3069 1375 3129 Alexander

203 3159 411 3235 Lysimachum
440 3159 479 3217 ad
505 3178 536 3218 se
564 3161 684 3240 uocauit
712 3160 796 3235 eique
824 3160 869 3217 uti
897 3159 1132 3234 proficisceretur
1159 3158 1190 3216 in
1215 3159 1374 3218 Thraciam

203 3248 365 3306 mandauit.
435 3247 631 3324 Lysimachus
673 3249 773 3307 autem
814 3248 973 3306 lacrimans
1011 3268 1027 3307 e
1063 3247 1198 3307 cubiculo
1240 3248 1375 3307 excessit.

277 3511 290 3558 1
313 3506 360 3587 ad]
380 3507 410 3560 at
425 3509 429 3574 ]
446 3505 560 3559 rhodius
632 3513 648 3560 2
668 3468 726 3575 hd]
747 3506 886 3575 exemplo]
906 3506 1049 3574 exemplar
1126 3511 1141 3558 3
1161 3504 1305 3574 rodiensi]
1327 3522 1376 3574 pa-

204 3577 265 3648 trii]
280 3579 369 3646 patris
437 3583 454 3630 4
468 3578 597 3632 lacunam
613 3578 698 3632 statui
714 3580 719 3645 l
735 3577 905 3648 nostrarum]
922 3581 1059 3631 nouarum
1127 3575 1341 3644 custodesque

206 3653 221 3702 6
241 3647 362 3702 maxime
377 3647 505 3718 idoneos]
526 3647 662 3702 maximos
677 3649 846 3716 idoneosque
862 3648 867 3719 ]
884 3649 987 3702 uirtute
1001 3647 1147 3717 singulari]
1168 3647 1286 3700 uirtutes
1302 3647 1377 3716 sigu-

204 3717 258 3771 lari
331 3723 345 3772 7
364 3717 484 3772 maxime
501 3726 504 3784 Ι
521 3720 662 3789 quocirca]
683 3721 757 3788 quod
776 3719 859 3786 circa;
881 3737 950 3773 corr.
970 3719 1132 3784 Schwartz!
1155 3719 1283 3772 lacunam
1301 3717 1377 3771 indi-

206 3790 268 3844 caui
357 3788 558 3844 9intelleretis
648 3797 680 3844 10
700 3791 854 3862 exemplar]
875 3791 1002 3859 exempla
1084 3796 1113 3841 11
1135 3789 1282 3859 cuiusque]
1303 3789 1376 3856 quis·

205 3877 259 3928 que
275 3864 279 3926 Ι
296 3858 323 3912 ei
336 3861 438 3931 terras]
457 3861 542 3925 intem
564 3861 612 3915 ‘ei'
631 3878 691 3931 ego,
712 3862 822 3916 ‘terras'
841 3863 983 3916 Schwartz
1056 3865 1089 3912 12
1109 3859 1220 3930 hisque]
1240 3859 1342 3914 hescae

206 3937 240 3984 13
260 3932 370 3984 curaret
461 3936 494 3984 14
514 3932 629 4003 signati]
654 3931 805 4000 significati
896 3937 928 3984 16
952 3929 1097 3998 aegiptum
1190 3936 1222 3984 18
1245 3931 1340 3985 curate

206 4008 241 4055 20
259 3999 380 4056 hiolciae
452 4008 482 4054 21
507 4004 675 4057 testamento
747 4009 780 4057 22
800 4004 888 4057 rhodo
908 4005 912 4069 1
933 4000 1038 4054 hiolcia
1111 4007 1144 4054 23
1164 3999 1316 4072 Ismenian]
1339 4001 1377 4054 is-

206 4073 301 4127 metan
326 4074 331 4141 l
355 4072 522 4127 thebeorum
547 4078 551 4141 1
580 4074 709 4127 lacunam
732 4075 819 4128 statui
905 4070 1104 4143 talemanite]
1125 4073 1148 4126 is
1168 4072 1287 4139 quedam
1311 4075 1313 4142 ]
1334 4088 1378 4126 ro-

206 4142 272 4198 xani
348 4148 382 4196 26
402 4144 586 4217 elaboratum]
605 4145 785 4200 larbortitum
861 4150 896 4199 27
916 4141 1080 4198 costitutum
1096 4151 1100 4211 Ι
1117 4143 1156 4214 ei]
1177 4144 1205 4196 et
1282 4148 1317 4197 28
1336 4159 1378 4196 re-

207 4269 322 4339 nouato]
343 4269 447 4324 nudato
537 4274 571 4324 29
589 4269 718 4325 lacunam
737 4269 875 4324 indicauit
894 4267 1081 4322 Reitzenstein
1101 4273 1105 4334 1
1127 4283 1180 4334 que
1262 4273 1296 4321 32
1316 4231 1378 4323 thi-

207 4340 412 4480 q]qmu]cu]]r)r
430 4357 499 4396 corr.
518 4359 559 4410 pr.
574 4341 622 4413 m.]
696 4347 729 4394 33
749 4339 889 4411 cubiculo]
914 4337 1006 4393 cubile
1025 4339 1122 4408 t‘-le’
1144 4354 1213 4393 corr.
1233 4356 1275 4408 pr.
1293 4357 1330 4395 m.
1349 4342 1378 4396 in
