<?xml version="1.0" encoding="UTF-8"?>
<!DOCTYPE html PUBLIC "-//W3C//DTD XHTML 1.0 Transitional//EN"
    "http://www.w3.org/TR/xhtml1/DTD/xhtml1-transitional.dtd">
<html xmlns="http://www.w3.org/1999/xhtml" xml:lang="en" lang="en">
 <head>
  <title>
</title>
<meta http-equiv="Content-Type" content="text/html;charset=utf-8" />
  <meta name='ocr-system' content='tesseract 3.04.00' />
  <meta name='ocr-capabilities' content='ocr_page ocr_carea ocr_par ocr_line ocrx_word'/>
</head>
<body>
  <div class='ocr_page' id='page_1' title='image "./incertiauctoris00wagngoog_0027.png"; bbox 0 0 3014 4922; ppageno 0'>
   <div class='ocr_carea' id='block_1_1' title="bbox 201 253 874 323">
    <p class='ocr_par' dir='ltr' id='par_1_1' title="bbox 201 253 874 323">
     <span class='ocr_line' id='line_1_1' title="bbox 201 253 874 323; baseline 0 -15"><span class='ocrx_word' id='word_1_1' title='bbox 201 257 265 320; x_wconf 85' lang='lat'>110</span> <span class='ocrx_word' id='word_1_2' title='bbox 691 253 722 308; x_wconf 92' lang='grc' dir='ltr'>Ο.</span> <span class='ocrx_word' id='word_1_3' title='bbox 738 253 874 323; x_wconf 83' lang='lat' dir='ltr'>Wagner:</span> 
     </span>
    </p>
   </div>
   <div class='ocr_carea' id='block_1_2' title="bbox 146 415 1448 1650">
    <p class='ocr_par' dir='ltr' id='par_1_2' title="bbox 148 415 1375 1208">
     <span class='ocr_line' id='line_1_2' title="bbox 199 415 1375 486; baseline -0.004 -1"><span class='ocrx_word' id='word_1_4' title='bbox 199 443 266 486; x_wconf 84' lang='lat' dir='ltr'>esse</span> <span class='ocrx_word' id='word_1_5' title='bbox 284 415 458 484; x_wconf 83' lang='lat' dir='ltr'>existimans</span> <span class='ocrx_word' id='word_1_6' title='bbox 476 422 658 481; x_wconf 86' lang='lat' dir='ltr'>uestimenta</span> <span class='ocrx_word' id='word_1_7' title='bbox 678 421 741 480; x_wconf 88' lang='lat' dir='ltr'>dari</span> <span class='ocrx_word' id='word_1_8' title='bbox 760 421 920 480; x_wconf 76' lang='lat' dir='ltr'>remissos</span> <span class='ocrx_word' id='word_1_9' title='bbox 939 420 1006 480; x_wconf 88' lang='lat' dir='ltr'>fieri</span> <span class='ocrx_word' id='word_1_10' title='bbox 1023 420 1121 482; x_wconf 90' lang='lat' dir='ltr'>iussit.</span> <span class='ocrx_word' id='word_1_11' title='bbox 1159 421 1266 481; x_wconf 90' lang='lat' dir='ltr'>deinde</span> <span class='ocrx_word' id='word_1_12' title='bbox 1288 441 1375 482; x_wconf 86' lang='lat' dir='ltr'>exer-</span> 
     </span>
     <span class='ocr_line' id='line_1_3' title="bbox 199 508 1375 587; baseline -0.003 -14"><span class='ocrx_word' id='word_1_13' title='bbox 199 516 291 574; x_wconf 91' lang='lat' dir='ltr'>citum</span> <span class='ocrx_word' id='word_1_14' title='bbox 309 513 341 571; x_wconf 93' lang='lat' dir='ltr'>in</span> <span class='ocrx_word' id='word_1_15' title='bbox 359 531 452 572; x_wconf 88' lang='lat' dir='ltr'>naues</span> <span class='ocrx_word' id='word_1_16' title='bbox 470 511 558 570; x_wconf 88' lang='lat' dir='ltr'>iussit</span> <span class='ocrx_word' id='word_1_17' title='bbox 577 510 774 570; x_wconf 89' lang='lat' dir='ltr'>conscendere</span> <span class='ocrx_word' id='word_1_18' title='bbox 793 511 825 569; x_wconf 91' lang='lat' dir='ltr'>et</span> <span class='ocrx_word' id='word_1_19' title='bbox 843 509 928 587; x_wconf 91' lang='lat' dir='ltr'>signo</span> <span class='ocrx_word' id='word_1_20' title='bbox 947 509 1018 569; x_wconf 89' lang='lat' dir='ltr'>dato</span> <span class='ocrx_word' id='word_1_21' title='bbox 1037 510 1154 570; x_wconf 87' lang='lat' dir='ltr'>soluere</span> <span class='ocrx_word' id='word_1_22' title='bbox 1172 510 1263 570; x_wconf 89' lang='lat' dir='ltr'>iussit</span> <span class='ocrx_word' id='word_1_23' title='bbox 1281 508 1375 587; x_wconf 90' lang='lat' dir='ltr'>[unde</span> 
     </span>
     <span class='ocr_line' id='line_1_4' title="bbox 198 596 1374 679; baseline -0.003 -18"><span class='ocrx_word' id='word_1_24' title='bbox 198 596 279 679; x_wconf 76' lang='lat' dir='ltr'>(ad)</span> <span class='ocrx_word' id='word_1_25' title='bbox 298 601 486 660; x_wconf 71' lang='lat' dir='ltr'><strong>Atlanticum</strong></span> <span class='ocrx_word' id='word_1_26' title='bbox 510 618 544 659; x_wconf 86' lang='lat' dir='ltr'>ac</span> <span class='ocrx_word' id='word_1_27' title='bbox 567 598 703 657; x_wconf 86' lang='lat' dir='ltr'><strong>Rubrum</strong></span> <span class='ocrx_word' id='word_1_28' title='bbox 728 617 811 658; x_wconf 89' lang='lat' dir='ltr'>mare</span> <span class='ocrx_word' id='word_1_29' title='bbox 836 598 959 657; x_wconf 89' lang='lat' dir='ltr'>flumine</span> <span class='ocrx_word' id='word_1_30' title='bbox 983 598 1056 656; x_wconf 90' lang='lat' dir='ltr'>Indo</span> <span class='ocrx_word' id='word_1_31' title='bbox 1081 599 1263 670; x_wconf 88' lang='lat' dir='ltr'>deuehitur].</span> <span class='ocrx_word' id='word_1_32' title='bbox 1306 619 1374 659; x_wconf 87' lang='lat' dir='ltr'>cam</span> 
     </span>
     <span class='ocr_line' id='line_1_5' title="bbox 200 686 1375 765; baseline -0.002 -17"><span class='ocrx_word' id='word_1_33' title='bbox 200 691 268 750; x_wconf 89' lang='lat' dir='ltr'>inde</span> <span class='ocrx_word' id='word_1_34' title='bbox 296 707 475 765; x_wconf 85' lang='lat' dir='ltr'>progressus</span> <span class='ocrx_word' id='word_1_35' title='bbox 503 689 617 763; x_wconf 75' lang='lat' dir='ltr'><strong>aliquot</strong></span> <span class='ocrx_word' id='word_1_36' title='bbox 644 688 707 746; x_wconf 91' lang='lat' dir='ltr'>dies</span> <span class='ocrx_word' id='word_1_37' title='bbox 735 687 905 764; x_wconf 73' lang='lat' dir='ltr'>mulgeret,</span> <span class='ocrx_word' id='word_1_38' title='bbox 934 686 1018 746; x_wconf 89' lang='lat' dir='ltr'>uenit</span> <span class='ocrx_word' id='word_1_39' title='bbox 1047 688 1084 745; x_wconf 91' lang='lat' dir='ltr'>ad</span> <span class='ocrx_word' id='word_1_40' title='bbox 1112 688 1241 747; x_wconf 87' lang='lat' dir='ltr'>insulam</span> <span class='ocrx_word' id='word_1_41' title='bbox 1266 687 1375 749; x_wconf 87' lang='lat' dir='ltr'>Patala</span> 
     </span>
     <span class='ocr_line' id='line_1_6' title="bbox 173 775 1375 855; baseline -0.003 -16"><span class='ocrx_word' id='word_1_42' title='bbox 173 797 276 855; x_wconf 75' lang='lat' dir='ltr'>equae</span> <span class='ocrx_word' id='word_1_43' title='bbox 295 777 466 854; x_wconf 88' lang='lat' dir='ltr'>appellatur</span> <span class='ocrx_word' id='word_1_44' title='bbox 485 775 547 853; x_wconf 89' lang='lat' dir='ltr'>†in</span> <span class='ocrx_word' id='word_1_45' title='bbox 565 776 730 851; x_wconf 90' lang='lat' dir='ltr'>ophiorum.</span> <span class='ocrx_word' id='word_1_46' title='bbox 768 776 798 833; x_wconf 88' lang='lat' dir='ltr'>iu</span> <span class='ocrx_word' id='word_1_47' title='bbox 817 794 852 834; x_wconf 89' lang='lat' dir='ltr'>ea</span> <span class='ocrx_word' id='word_1_48' title='bbox 872 775 993 851; x_wconf 83' lang='lat' dir='ltr'>regione</span> <span class='ocrx_word' id='word_1_49' title='bbox 1017 775 1123 835; x_wconf 90' lang='lat' dir='ltr'>dextra</span> <span class='ocrx_word' id='word_1_50' title='bbox 1145 777 1277 836; x_wconf 90' lang='lat' dir='ltr'>fluminis</span> <span class='ocrx_word' id='word_1_51' title='bbox 1296 776 1375 854; x_wconf 87' lang='lat' dir='ltr'>†Bi-</span> 
     </span>
     <span class='ocr_line' id='line_1_7' title="bbox 200 862 1373 945; baseline -0.003 -18"><span class='ocrx_word' id='word_1_52' title='bbox 200 868 314 945; x_wconf 88' lang='lat' dir='ltr'>gandar</span> <span class='ocrx_word' id='word_1_53' title='bbox 337 866 429 941; x_wconf 79' lang='lat' dir='ltr'>inest3</span> <span class='ocrx_word' id='word_1_54' title='bbox 454 864 592 924; x_wconf 88' lang='lat' dir='ltr'>habitant</span> <span class='ocrx_word' id='word_1_55' title='bbox 614 865 646 922; x_wconf 91' lang='lat' dir='ltr'>in</span> <span class='ocrx_word' id='word_1_56' title='bbox 669 864 791 924; x_wconf 89' lang='lat' dir='ltr'>sinistra</span> <span class='ocrx_word' id='word_1_57' title='bbox 809 862 1008 940; x_wconf 68' lang='lat' dir='ltr'>&#39;fllamalcea</span> <span class='ocrx_word' id='word_1_58' title='bbox 1046 865 1084 923; x_wconf 90' lang='lat' dir='ltr'>ab</span> <span class='ocrx_word' id='word_1_59' title='bbox 1102 865 1149 923; x_wconf 87' lang='lat' dir='ltr'>his</span> <span class='ocrx_word' id='word_1_60' title='bbox 1173 869 1373 925; x_wconf 89' lang='lat' dir='ltr'>commeatum</span> 
     </span>
     <span class='ocr_line' id='line_1_8' title="bbox 148 952 1374 1030; baseline -0.006 -11"><span class='ocrx_word' id='word_1_61' title='bbox 148 965 186 1019; x_wconf 80' lang='lat' dir='ltr'>St</span> <span class='ocrx_word' id='word_1_62' title='bbox 201 959 232 1015; x_wconf 88' lang='lat' dir='ltr'>et</span> <span class='ocrx_word' id='word_1_63' title='bbox 250 955 339 1015; x_wconf 86' lang='lat' dir='ltr'>duces</span> <span class='ocrx_word' id='word_1_64' title='bbox 358 955 482 1030; x_wconf 88' lang='lat' dir='ltr'>propter</span> <span class='ocrx_word' id='word_1_65' title='bbox 505 953 695 1013; x_wconf 89' lang='lat' dir='ltr'>latitudinem</span> <span class='ocrx_word' id='word_1_66' title='bbox 718 952 850 1011; x_wconf 89' lang='lat' dir='ltr'>fluminis</span> <span class='ocrx_word' id='word_1_67' title='bbox 876 953 1012 1028; x_wconf 88' lang='lat' dir='ltr'>sumpsit.</span> <span class='ocrx_word' id='word_1_68' title='bbox 1058 952 1163 1012; x_wconf 89' lang='lat' dir='ltr'>deinde</span> <span class='ocrx_word' id='word_1_69' title='bbox 1187 954 1293 1013; x_wconf 90' lang='lat' dir='ltr'>diebus</span> <span class='ocrx_word' id='word_1_70' title='bbox 1318 955 1374 1013; x_wconf 89' lang='lat' dir='ltr'>ali-</span> 
     </span>
     <span class='ocr_line' id='line_1_9' title="bbox 200 1041 1373 1122; baseline 0 -20"><span class='ocrx_word' id='word_1_71' title='bbox 200 1049 273 1122; x_wconf 86' lang='lat' dir='ltr'>quot</span> <span class='ocrx_word' id='word_1_72' title='bbox 291 1046 361 1119; x_wconf 89' lang='lat' dir='ltr'>post</span> <span class='ocrx_word' id='word_1_73' title='bbox 379 1043 500 1102; x_wconf 89' lang='lat' dir='ltr'>deuenit</span> <span class='ocrx_word' id='word_1_74' title='bbox 518 1043 550 1100; x_wconf 90' lang='lat' dir='ltr'>in</span> <span class='ocrx_word' id='word_1_75' title='bbox 568 1041 696 1101; x_wconf 88' lang='lat' dir='ltr'>insulam</span> <span class='ocrx_word' id='word_1_76' title='bbox 717 1041 874 1102; x_wconf 88' lang='lat' dir='ltr'>desertam.</span> <span class='ocrx_word' id='word_1_77' title='bbox 906 1041 995 1099; x_wconf 90' lang='lat' dir='ltr'>iussit</span> <span class='ocrx_word' id='word_1_78' title='bbox 1013 1041 1134 1119; x_wconf 84' lang='lat' dir='ltr'>requiri,</span> <span class='ocrx_word' id='word_1_79' title='bbox 1153 1042 1178 1100; x_wconf 91' lang='lat' dir='ltr'>si</span> <span class='ocrx_word' id='word_1_80' title='bbox 1193 1062 1282 1118; x_wconf 89' lang='lat' dir='ltr'>quem</span> <span class='ocrx_word' id='word_1_81' title='bbox 1297 1044 1373 1103; x_wconf 93' lang='lat' dir='ltr'>loco-</span> 
     </span>
     <span class='ocr_line' id='line_1_10' title="bbox 200 1130 1373 1208; baseline 0 -16"><span class='ocrx_word' id='word_1_82' title='bbox 200 1153 266 1192; x_wconf 87' lang='lat' dir='ltr'>rum</span> <span class='ocrx_word' id='word_1_83' title='bbox 293 1135 416 1208; x_wconf 83' lang='lat' dir='ltr'>possent</span> <span class='ocrx_word' id='word_1_84' title='bbox 440 1150 499 1190; x_wconf 93' lang='lat' dir='ltr'>non</span> <span class='ocrx_word' id='word_1_85' title='bbox 524 1131 664 1205; x_wconf 90' lang='lat' dir='ltr'>ignarum</span> <span class='ocrx_word' id='word_1_86' title='bbox 686 1130 829 1189; x_wconf 89' lang='lat' dir='ltr'>inuenire.</span> <span class='ocrx_word' id='word_1_87' title='bbox 867 1130 920 1188; x_wconf 90' lang='lat' dir='ltr'>ubi</span> <span class='ocrx_word' id='word_1_88' title='bbox 942 1131 1090 1188; x_wconf 91' lang='lat' dir='ltr'>neminem</span> <span class='ocrx_word' id='word_1_89' title='bbox 1109 1131 1278 1207; x_wconf 88' lang='lat' dir='ltr'>inueniunt,</span> <span class='ocrx_word' id='word_1_90' title='bbox 1303 1133 1373 1192; x_wconf 87' lang='lat' dir='ltr'>deos</span> 
     </span>
    </p>

    <p class='ocr_par' dir='ltr' id='par_1_3' title="bbox 146 1216 1448 1650">
     <span class='ocr_line' id='line_1_11' title="bbox 160 1216 1373 1297; baseline -0.001 -16"><span class='ocrx_word' id='word_1_91' title='bbox 160 1242 186 1281; x_wconf 90' lang='lat'>10</span> <span class='ocrx_word' id='word_1_92' title='bbox 200 1223 395 1297; x_wconf 88' lang='lat' dir='ltr'>conprecatus</span> <span class='ocrx_word' id='word_1_93' title='bbox 414 1240 449 1279; x_wconf 88' lang='lat' dir='ltr'>ex</span> <span class='ocrx_word' id='word_1_94' title='bbox 467 1221 566 1278; x_wconf 90' lang='lat' dir='ltr'>insula</span> <span class='ocrx_word' id='word_1_95' title='bbox 586 1219 736 1294; x_wconf 86' lang='lat' dir='ltr'>profectus</span> <span class='ocrx_word' id='word_1_96' title='bbox 760 1222 815 1278; x_wconf 81' lang='lat' dir='ltr'>est</span> <span class='ocrx_word' id='word_1_97' title='bbox 851 1219 968 1293; x_wconf 90' lang='lat' dir='ltr'>iamque</span> <span class='ocrx_word' id='word_1_98' title='bbox 993 1218 1091 1276; x_wconf 89' lang='lat' dir='ltr'>stadia</span> <span class='ocrx_word' id='word_1_99' title='bbox 1109 1216 1206 1278; x_wconf 87' lang='grc'>0000</span> <span class='ocrx_word' id='word_1_100' title='bbox 1230 1221 1373 1280; x_wconf 88' lang='lat' dir='ltr'>decucur-</span> 
     </span>
     <span class='ocr_line' id='line_1_12' title="bbox 201 1306 1448 1386; baseline 0.001 -17"><span class='ocrx_word' id='word_1_101' title='bbox 201 1313 398 1386; x_wconf 69' lang='lat' dir='ltr'>rorantem</span> <span class='ocrx_word' id='word_1_102' title='bbox 417 1311 541 1384; x_wconf 88' lang='lat' dir='ltr'>repente</span> <span class='ocrx_word' id='word_1_103' title='bbox 560 1326 663 1367; x_wconf 90' lang='lat' dir='ltr'>auram</span> <span class='ocrx_word' id='word_1_104' title='bbox 683 1307 830 1366; x_wconf 89' lang='lat' dir='ltr'>marinam</span> <span class='ocrx_word' id='word_1_105' title='bbox 849 1307 912 1365; x_wconf 91' lang='lat' dir='ltr'>eius</span> <span class='ocrx_word' id='word_1_106' title='bbox 931 1306 975 1364; x_wconf 91' lang='lat' dir='ltr'>rei</span> <span class='ocrx_word' id='word_1_107' title='bbox 992 1325 1053 1365; x_wconf 89' lang='lat' dir='ltr'>non</span> <span class='ocrx_word' id='word_1_108' title='bbox 1071 1307 1190 1381; x_wconf 85' lang='lat' dir='ltr'>inperiti</span> <span class='ocrx_word' id='word_1_109' title='bbox 1206 1313 1372 1370; x_wconf 87' lang='lat' dir='ltr'>senserunt.</span> <span class='ocrx_word' id='word_1_110' title='bbox 1443 1363 1448 1374; x_wconf 87' lang='lat'>.</span> 
     </span>
     <span class='ocr_line' id='line_1_13' title="bbox 156 1388 1371 1476; baseline 0.007 -29"><span class='ocrx_word' id='word_1_111' title='bbox 156 1404 343 1474; x_wconf 76' lang='lat' dir='ltr'>r01.eo¹n.spe</span> <span class='ocrx_word' id='word_1_112' title='bbox 363 1398 470 1456; x_wconf 89' lang='lat' dir='ltr'>salutis</span> <span class='ocrx_word' id='word_1_113' title='bbox 489 1397 599 1456; x_wconf 91' lang='lat' dir='ltr'>iniecta</span> <span class='ocrx_word' id='word_1_114' title='bbox 617 1388 624 1476; x_wconf 76' lang='grc' dir='ltr'>Η</span> <span class='ocrx_word' id='word_1_115' title='bbox 644 1396 717 1454; x_wconf 89' lang='lat' dir='ltr'>laeti</span> <span class='ocrx_word' id='word_1_116' title='bbox 734 1414 836 1473; x_wconf 88' lang='lat' dir='ltr'>regem</span> <span class='ocrx_word' id='word_1_117' title='bbox 936 1398 1026 1470; x_wconf 87' lang='lat' dir='ltr'>atque</span> <span class='ocrx_word' id='word_1_118' title='bbox 1044 1395 1123 1454; x_wconf 87' lang='lat' dir='ltr'>iuter</span> <span class='ocrx_word' id='word_1_119' title='bbox 1141 1413 1171 1454; x_wconf 91' lang='lat' dir='ltr'>se</span> <span class='ocrx_word' id='word_1_120' title='bbox 1187 1397 1264 1456; x_wconf 87' lang='lat' dir='ltr'>alius</span> <span class='ocrx_word' id='word_1_121' title='bbox 1280 1398 1371 1456; x_wconf 91' lang='lat' dir='ltr'>alium</span> 
     </span>
     <span class='ocr_line' id='line_1_14' title="bbox 146 1483 1372 1565; baseline -0.003 -15"><span class='ocrx_word' id='word_1_122' title='bbox 146 1497 184 1550; x_wconf 83' lang='grc'>86</span> <span class='ocrx_word' id='word_1_123' title='bbox 200 1488 325 1565; x_wconf 84' lang='lat' dir='ltr'>hortari,</span> <span class='ocrx_word' id='word_1_124' title='bbox 343 1488 379 1544; x_wconf 91' lang='lat' dir='ltr'>ut</span> <span class='ocrx_word' id='word_1_125' title='bbox 397 1486 587 1561; x_wconf 82' lang='lat' dir='ltr'>remigarent,</span> <span class='ocrx_word' id='word_1_126' title='bbox 607 1503 674 1543; x_wconf 93' lang='lat' dir='ltr'>cum</span> <span class='ocrx_word' id='word_1_127' title='bbox 692 1503 775 1542; x_wconf 88' lang='lat' dir='ltr'>mare</span> <span class='ocrx_word' id='word_1_128' title='bbox 793 1502 853 1542; x_wconf 92' lang='lat' dir='ltr'>non</span> <span class='ocrx_word' id='word_1_129' title='bbox 871 1484 960 1560; x_wconf 85' lang='lat' dir='ltr'>longe</span> <span class='ocrx_word' id='word_1_130' title='bbox 979 1483 1106 1542; x_wconf 88' lang='lat' dir='ltr'>abesset.</span> <span class='ocrx_word' id='word_1_131' title='bbox 1148 1484 1255 1544; x_wconf 89' lang='lat' dir='ltr'>deiude</span> <span class='ocrx_word' id='word_1_132' title='bbox 1278 1505 1372 1546; x_wconf 89' lang='lat' dir='ltr'>naues</span> 
     </span>
     <span class='ocr_line' id='line_1_15' title="bbox 202 1566 1372 1650; baseline 0.001 -16"><span class='ocrx_word' id='word_1_133' title='bbox 202 1576 239 1634; x_wconf 88' lang='lat' dir='ltr'>ad</span> <span class='ocrx_word' id='word_1_134' title='bbox 259 1575 355 1650; x_wconf 92' lang='lat' dir='ltr'>ripam</span> <span class='ocrx_word' id='word_1_135' title='bbox 374 1573 524 1649; x_wconf 88' lang='lat' dir='ltr'>applicare</span> <span class='ocrx_word' id='word_1_136' title='bbox 537 1572 627 1632; x_wconf 90' lang='lat' dir='ltr'>iussit</span> <span class='ocrx_word' id='word_1_137' title='bbox 641 1575 678 1645; x_wconf 86' lang='lat' dir='ltr'>et,</span> <span class='ocrx_word' id='word_1_138' title='bbox 699 1573 725 1631; x_wconf 92' lang='lat' dir='ltr'>si</span> <span class='ocrx_word' id='word_1_139' title='bbox 740 1592 828 1648; x_wconf 90' lang='lat' dir='ltr'>quem</span> <span class='ocrx_word' id='word_1_140' title='bbox 843 1573 975 1632; x_wconf 90' lang='lat' dir='ltr'>locorum</span> <span class='ocrx_word' id='word_1_141' title='bbox 988 1571 1119 1647; x_wconf 89' lang='lat' dir='ltr'>peritum</span> <span class='ocrx_word' id='word_1_142' title='bbox 1134 1566 1292 1650; x_wconf 84' lang='lat' dir='ltr'>&lt;inuenire</span> <span class='ocrx_word' id='word_1_143' title='bbox 1306 1595 1372 1650; x_wconf 90' lang='lat' dir='ltr'>pos-</span> 
     </span>
    </p>
   </div>
   <div class='ocr_carea' id='block_1_3' title="bbox 159 1659 1500 1744">
    <p class='ocr_par' dir='ltr' id='par_1_4' title="bbox 159 1659 1500 1744">
     <span class='ocr_line' id='line_1_16' title="bbox 159 1659 1500 1744; baseline -0.004 -20"><span class='ocrx_word' id='word_1_144' title='bbox 159 1684 185 1724; x_wconf 81' lang='lat'>15</span> <span class='ocrx_word' id='word_1_145' title='bbox 199 1659 297 1744; x_wconf 72' lang='lat' dir='ltr'>sent),</span> <span class='ocrx_word' id='word_1_146' title='bbox 320 1681 462 1740; x_wconf 81' lang='lat' dir='ltr'>quaerere</span> <span class='ocrx_word' id='word_1_147' title='bbox 480 1660 577 1720; x_wconf 86' lang='lat' dir='ltr'>iussit.</span> <span class='ocrx_word' id='word_1_148' title='bbox 614 1661 666 1719; x_wconf 90' lang='lat' dir='ltr'>diu</span> <span class='ocrx_word' id='word_1_149' title='bbox 684 1679 751 1720; x_wconf 89' lang='lat' dir='ltr'>cum</span> <span class='ocrx_word' id='word_1_150' title='bbox 775 1661 971 1737; x_wconf 81' lang='lat' dir='ltr'>quaesissent,</span> <span class='ocrx_word' id='word_1_151' title='bbox 996 1661 1140 1737; x_wconf 90' lang='lat' dir='ltr'>quosdam</span> <span class='ocrx_word' id='word_1_152' title='bbox 1167 1666 1303 1737; x_wconf 80' lang='lat' dir='ltr'>agrestes</span> <span class='ocrx_word' id='word_1_153' title='bbox 1326 1665 1396 1736; x_wconf 66' lang='lat' dir='ltr'>in-,</span> <span class='ocrx_word' id='word_1_154' title='bbox 1499 1667 1500 1718; x_wconf 82' lang='lat' dir='ltr'>l</span> 
     </span>
    </p>
   </div>
   <div class='ocr_carea' id='block_1_4' title="bbox 144 1749 1372 3512">
    <p class='ocr_par' dir='ltr' id='par_1_5' title="bbox 144 1749 1372 3512">
     <span class='ocr_line' id='line_1_17' title="bbox 198 1749 1372 1830; baseline 0.001 -19"><span class='ocrx_word' id='word_1_155' title='bbox 198 1756 306 1811; x_wconf 89' lang='lat' dir='ltr'>uentos</span> <span class='ocrx_word' id='word_1_156' title='bbox 326 1751 364 1810; x_wconf 91' lang='lat' dir='ltr'>ad</span> <span class='ocrx_word' id='word_1_157' title='bbox 383 1770 484 1826; x_wconf 91' lang='lat' dir='ltr'>regem</span> <span class='ocrx_word' id='word_1_158' title='bbox 504 1750 700 1810; x_wconf 85' lang='lat' dir='ltr'>adduxerunt.</span> <span class='ocrx_word' id='word_1_159' title='bbox 742 1749 769 1809; x_wconf 87' lang='lat' dir='ltr'>ei</span> <span class='ocrx_word' id='word_1_160' title='bbox 792 1749 979 1827; x_wconf 83' lang='lat' dir='ltr'>interrogati,</span> <span class='ocrx_word' id='word_1_161' title='bbox 1002 1768 1090 1825; x_wconf 80' lang='lat' dir='ltr'>quarn</span> <span class='ocrx_word' id='word_1_162' title='bbox 1114 1751 1202 1827; x_wconf 88' lang='lat' dir='ltr'>longe</span> <span class='ocrx_word' id='word_1_163' title='bbox 1226 1753 1372 1830; x_wconf 88' lang='lat' dir='ltr'>nauigan-</span> 
     </span>
     <span class='ocr_line' id='line_1_18' title="bbox 199 1837 1370 1917; baseline 0 -17"><span class='ocrx_word' id='word_1_164' title='bbox 199 1842 269 1900; x_wconf 90' lang='lat' dir='ltr'>dum</span> <span class='ocrx_word' id='word_1_165' title='bbox 289 1844 378 1917; x_wconf 86' lang='lat' dir='ltr'>esset,</span> <span class='ocrx_word' id='word_1_166' title='bbox 396 1841 584 1915; x_wconf 88' lang='lat' dir='ltr'>negauerunt</span> <span class='ocrx_word' id='word_1_167' title='bbox 602 1859 634 1898; x_wconf 88' lang='lat' dir='ltr'>se</span> <span class='ocrx_word' id='word_1_168' title='bbox 653 1839 737 1912; x_wconf 89' lang='lat' dir='ltr'>scire,</span> <span class='ocrx_word' id='word_1_169' title='bbox 756 1839 809 1897; x_wconf 91' lang='lat' dir='ltr'>sed</span> <span class='ocrx_word' id='word_1_170' title='bbox 828 1837 921 1896; x_wconf 86' lang='lat' dir='ltr'>tridui</span> <span class='ocrx_word' id='word_1_171' title='bbox 939 1838 997 1897; x_wconf 86' lang='lat' dir='ltr'>iter</span> <span class='ocrx_word' id='word_1_172' title='bbox 1017 1855 1090 1916; x_wconf 85' lang='lat' dir='ltr'>esse,</span> <span class='ocrx_word' id='word_1_173' title='bbox 1110 1837 1180 1896; x_wconf 91' lang='lat' dir='ltr'>dum</span> <span class='ocrx_word' id='word_1_174' title='bbox 1201 1840 1239 1898; x_wconf 92' lang='lat' dir='ltr'>ad</span> <span class='ocrx_word' id='word_1_175' title='bbox 1259 1859 1370 1917; x_wconf 86' lang='lat' dir='ltr'>aquarn</span> 
     </span>
     <span class='ocr_line' id='line_1_19' title="bbox 198 1927 1371 2003; baseline -0.002 -12"><span class='ocrx_word' id='word_1_176' title='bbox 198 1930 388 1991; x_wconf 80' lang='lat' dir='ltr'>commixtam</span> <span class='ocrx_word' id='word_1_177' title='bbox 406 1928 605 2003; x_wconf 90' lang='lat' dir='ltr'>peruenirent.</span> <span class='ocrx_word' id='word_1_178' title='bbox 645 1931 711 1987; x_wconf 92' lang='lat' dir='ltr'>tum</span> <span class='ocrx_word' id='word_1_179' title='bbox 733 1927 921 1986; x_wconf 90' lang='lat' dir='ltr'>intellectum</span> <span class='ocrx_word' id='word_1_180' title='bbox 943 1930 991 1985; x_wconf 90' lang='lat' dir='ltr'>est</span> <span class='ocrx_word' id='word_1_181' title='bbox 1015 1945 1065 1986; x_wconf 89' lang='lat' dir='ltr'>eos</span> <span class='ocrx_word' id='word_1_182' title='bbox 1090 1945 1199 2003; x_wconf 90' lang='lat' dir='ltr'>aquam</span> <span class='ocrx_word' id='word_1_183' title='bbox 1224 1930 1371 1988; x_wconf 89' lang='lat' dir='ltr'>marinam</span> 
     </span>
     <span class='ocr_line' id='line_1_20' title="bbox 198 2012 1371 2093; baseline 0.001 -17"><span class='ocrx_word' id='word_1_184' title='bbox 198 2012 412 2078; x_wconf 81' lang='lat' dir='ltr'>demonstrare.</span> <span class='ocrx_word' id='word_1_185' title='bbox 445 2017 551 2076; x_wconf 89' lang='lat' dir='ltr'>animis</span> <span class='ocrx_word' id='word_1_186' title='bbox 569 2016 734 2076; x_wconf 89' lang='lat' dir='ltr'>libentibus</span> <span class='ocrx_word' id='word_1_187' title='bbox 752 2018 947 2091; x_wconf 87' lang='lat' dir='ltr'>properantes</span> <span class='ocrx_word' id='word_1_188' title='bbox 965 2033 1058 2074; x_wconf 89' lang='lat' dir='ltr'>naues</span> <span class='ocrx_word' id='word_1_189' title='bbox 1073 2017 1316 2093; x_wconf 81' lang='lat' dir='ltr'>conscenderunt,</span> <span class='ocrx_word' id='word_1_190' title='bbox 1338 2024 1371 2078; x_wconf 95' lang='lat' dir='ltr'>ut</span> 
     </span>
     <span class='ocr_line' id='line_1_21' title="bbox 159 2103 1371 2184; baseline -0.002 -16"><span class='ocrx_word' id='word_1_191' title='bbox 159 2129 185 2168; x_wconf 84' lang='lat' dir='ltr'>ao</span> <span class='ocrx_word' id='word_1_192' title='bbox 200 2126 290 2184; x_wconf 86' lang='lat' dir='ltr'>quam</span> <span class='ocrx_word' id='word_1_193' title='bbox 310 2107 438 2181; x_wconf 89' lang='lat' dir='ltr'>primum</span> <span class='ocrx_word' id='word_1_194' title='bbox 458 2106 496 2163; x_wconf 90' lang='lat' dir='ltr'>ad</span> <span class='ocrx_word' id='word_1_195' title='bbox 515 2123 596 2163; x_wconf 90' lang='lat' dir='ltr'>mare</span> <span class='ocrx_word' id='word_1_196' title='bbox 614 2104 816 2182; x_wconf 71' lang='lat' dir='ltr'>peruenirent,</span> <span class='ocrx_word' id='word_1_197' title='bbox 850 2105 952 2180; x_wconf 90' lang='lat' dir='ltr'>itaque</span> <span class='ocrx_word' id='word_1_198' title='bbox 971 2107 1040 2178; x_wconf 87' lang='lat' dir='ltr'>post</span> <span class='ocrx_word' id='word_1_199' title='bbox 1057 2103 1135 2163; x_wconf 89' lang='lat' dir='ltr'>diem</span> <span class='ocrx_word' id='word_1_200' title='bbox 1155 2105 1279 2166; x_wconf 90' lang='lat' dir='ltr'>tertium</span> <span class='ocrx_word' id='word_1_201' title='bbox 1298 2108 1371 2166; x_wconf 87' lang='lat' dir='ltr'>fluc-</span> 
     </span>
     <span class='ocr_line' id='line_1_22' title="bbox 200 2193 1371 2270; baseline 0 -16"><span class='ocrx_word' id='word_1_202' title='bbox 200 2203 251 2254; x_wconf 89' lang='lat' dir='ltr'>tus</span> <span class='ocrx_word' id='word_1_203' title='bbox 274 2194 405 2253; x_wconf 90' lang='lat' dir='ltr'>marinos</span> <span class='ocrx_word' id='word_1_204' title='bbox 428 2197 645 2267; x_wconf 82' lang='lat' dir='ltr'>conspexerunt</span> <span class='ocrx_word' id='word_1_205' title='bbox 667 2196 699 2251; x_wconf 92' lang='lat' dir='ltr'>et</span> <span class='ocrx_word' id='word_1_206' title='bbox 722 2193 857 2252; x_wconf 87' lang='lat' dir='ltr'>sitientes</span> <span class='ocrx_word' id='word_1_207' title='bbox 882 2211 1001 2267; x_wconf 90' lang='lat' dir='ltr'>campos</span> <span class='ocrx_word' id='word_1_208' title='bbox 1027 2210 1105 2268; x_wconf 89' lang='lat' dir='ltr'>aqua</span> <span class='ocrx_word' id='word_1_209' title='bbox 1131 2193 1210 2252; x_wconf 88' lang='lat' dir='ltr'>salsa</span> <span class='ocrx_word' id='word_1_210' title='bbox 1237 2196 1371 2270; x_wconf 89' lang='lat' dir='ltr'>conpleri</span> 
     </span>
     <span class='ocr_line' id='line_1_23' title="bbox 199 2280 1368 2358; baseline -0.002 -17"><span class='ocrx_word' id='word_1_211' title='bbox 199 2284 321 2358; x_wconf 88' lang='lat' dir='ltr'>uimque</span> <span class='ocrx_word' id='word_1_212' title='bbox 339 2281 470 2340; x_wconf 88' lang='lat' dir='ltr'>fluminis</span> <span class='ocrx_word' id='word_1_213' title='bbox 489 2281 604 2339; x_wconf 88' lang='lat' dir='ltr'>citatim</span> <span class='ocrx_word' id='word_1_214' title='bbox 624 2280 768 2355; x_wconf 88' lang='lat' dir='ltr'>supprimi</span> <span class='ocrx_word' id='word_1_215' title='bbox 787 2285 945 2340; x_wconf 89' lang='lat' dir='ltr'>senserunt</span> <span class='ocrx_word' id='word_1_216' title='bbox 966 2312 1368 2326; x_wconf 91' lang='lat'><em>-------</em></span> 
     </span>
     <span class='ocr_line' id='line_1_24' title="bbox 144 2457 1368 2538; baseline 0.008 -26"><span class='ocrx_word' id='word_1_217' title='bbox 144 2473 183 2512; x_wconf 84' lang='lat' dir='ltr'>ror.</span> <span class='ocrx_word' id='word_1_218' title='bbox 195 2465 248 2512; x_wconf 69' lang='lat'>126⁸</span> <span class='ocrx_word' id='word_1_219' title='bbox 259 2469 269 2525; x_wconf 80' lang='grc' dir='ltr'>ιι</span> <span class='ocrx_word' id='word_1_220' title='bbox 355 2459 475 2518; x_wconf 89' lang='lat' dir='ltr'>litterae</span> <span class='ocrx_word' id='word_1_221' title='bbox 490 2458 528 2516; x_wconf 91' lang='lat' dir='ltr'>ab</span> <span class='ocrx_word' id='word_1_222' title='bbox 544 2457 720 2534; x_wconf 84' lang='lat' dir='ltr'>Olympiade</span> <span class='ocrx_word' id='word_1_223' title='bbox 734 2460 830 2517; x_wconf 89' lang='lat' dir='ltr'>matre</span> <span class='ocrx_word' id='word_1_224' title='bbox 846 2458 1009 2518; x_wconf 84' lang='lat' dir='ltr'>Alexandri</span> <span class='ocrx_word' id='word_1_225' title='bbox 1023 2459 1197 2537; x_wconf 85' lang='lat' dir='ltr'>efferuntur,</span> <span class='ocrx_word' id='word_1_226' title='bbox 1212 2460 1244 2518; x_wconf 92' lang='lat' dir='ltr'>in</span> <span class='ocrx_word' id='word_1_227' title='bbox 1259 2461 1368 2538; x_wconf 87' lang='lat' dir='ltr'>quibus</span> 
     </span>
     <span class='ocr_line' id='line_1_25' title="bbox 158 2545 1371 2626; baseline -0.001 -15"><span class='ocrx_word' id='word_1_228' title='bbox 158 2549 413 2626; x_wconf 71' lang='lat' dir='ltr'>superscripserat</span> <span class='ocrx_word' id='word_1_229' title='bbox 435 2546 560 2606; x_wconf 89' lang='lat' dir='ltr'>iniurias</span> <span class='ocrx_word' id='word_1_230' title='bbox 583 2545 752 2625; x_wconf 83' lang='lat' dir='ltr'>Antipatri,</span> <span class='ocrx_word' id='word_1_231' title='bbox 778 2547 830 2622; x_wconf 92' lang='lat' dir='ltr'>qui</span> <span class='ocrx_word' id='word_1_232' title='bbox 854 2549 1022 2622; x_wconf 79' lang='lat' dir='ltr'>praefectus</span> <span class='ocrx_word' id='word_1_233' title='bbox 1048 2548 1079 2605; x_wconf 93' lang='lat' dir='ltr'>in</span> <span class='ocrx_word' id='word_1_234' title='bbox 1103 2548 1277 2608; x_wconf 84' lang='lat' dir='ltr'>Macedonia</span> <span class='ocrx_word' id='word_1_235' title='bbox 1305 2553 1371 2610; x_wconf 87' lang='lat' dir='ltr'>erat</span> 
     </span>
     <span class='ocr_line' id='line_1_26' title="bbox 198 2635 1370 2714; baseline 0.001 -18"><span class='ocrx_word' id='word_1_236' title='bbox 198 2639 335 2714; x_wconf 89' lang='lat' dir='ltr'>relictus,</span> <span class='ocrx_word' id='word_1_237' title='bbox 364 2656 490 2712; x_wconf 91' lang='lat' dir='ltr'>eumque</span> <span class='ocrx_word' id='word_1_238' title='bbox 513 2636 582 2696; x_wconf 89' lang='lat' dir='ltr'>inde</span> <span class='ocrx_word' id='word_1_239' title='bbox 604 2635 663 2696; x_wconf 89' lang='lat' dir='ltr'>nisi</span> <span class='ocrx_word' id='word_1_240' title='bbox 685 2635 861 2710; x_wconf 86' lang='lat' dir='ltr'>abduceret,</span> <span class='ocrx_word' id='word_1_241' title='bbox 889 2635 1100 2696; x_wconf 88' lang='lat' dir='ltr'>adfirmauerat</span> <span class='ocrx_word' id='word_1_242' title='bbox 1122 2636 1166 2696; x_wconf 88' lang='lat' dir='ltr'>ire</span> <span class='ocrx_word' id='word_1_243' title='bbox 1190 2637 1221 2695; x_wconf 92' lang='lat' dir='ltr'>in</span> <span class='ocrx_word' id='word_1_244' title='bbox 1241 2637 1370 2713; x_wconf 81' lang='lat' dir='ltr'>Epirum</span> 
     </span>
     <span class='ocr_line' id='line_1_27' title="bbox 199 2725 1371 2804; baseline 0 -18"><span class='ocrx_word' id='word_1_245' title='bbox 199 2728 367 2804; x_wconf 86' lang='lat' dir='ltr'>profugam.</span> <span class='ocrx_word' id='word_1_246' title='bbox 404 2726 435 2783; x_wconf 90' lang='lat' dir='ltr'>id</span> <span class='ocrx_word' id='word_1_247' title='bbox 453 2744 521 2785; x_wconf 88' lang='lat' dir='ltr'>cum</span> <span class='ocrx_word' id='word_1_248' title='bbox 536 2725 705 2786; x_wconf 83' lang='lat' dir='ltr'>Alexander</span> <span class='ocrx_word' id='word_1_249' title='bbox 724 2744 815 2802; x_wconf 86' lang='lat' dir='ltr'>aegre</span> <span class='ocrx_word' id='word_1_250' title='bbox 835 2726 935 2799; x_wconf 87' lang='lat' dir='ltr'>ferret,</span> <span class='ocrx_word' id='word_1_251' title='bbox 955 2726 1052 2785; x_wconf 92' lang='lat' dir='ltr'>uoluit</span> <span class='ocrx_word' id='word_1_252' title='bbox 1070 2725 1294 2784; x_wconf 88' lang='lat' dir='ltr'>inimicitiarum</span> <span class='ocrx_word' id='word_1_253' title='bbox 1314 2729 1371 2786; x_wconf 89' lang='lat' dir='ltr'>mi·</span> 
     </span>
     <span class='ocr_line' id='line_1_28' title="bbox 198 2813 1371 2891; baseline 0.001 -17"><span class='ocrx_word' id='word_1_254' title='bbox 198 2817 384 2876; x_wconf 87' lang='lat' dir='ltr'>uuandarum</span> <span class='ocrx_word' id='word_1_255' title='bbox 405 2833 494 2874; x_wconf 92' lang='lat' dir='ltr'>causa</span> <span class='ocrx_word' id='word_1_256' title='bbox 512 2815 708 2891; x_wconf 86' lang='lat' dir='ltr'>Antipatrum</span> <span class='ocrx_word' id='word_1_257' title='bbox 731 2815 770 2873; x_wconf 91' lang='lat' dir='ltr'>ad</span> <span class='ocrx_word' id='word_1_258' title='bbox 794 2832 824 2873; x_wconf 91' lang='lat' dir='ltr'>se</span> <span class='ocrx_word' id='word_1_259' title='bbox 849 2815 992 2874; x_wconf 88' lang='lat' dir='ltr'>accersire</span> <span class='ocrx_word' id='word_1_260' title='bbox 1012 2813 1227 2890; x_wconf 83' lang='lat' dir='ltr'>Craterumque</span> <span class='ocrx_word' id='word_1_261' title='bbox 1251 2815 1282 2872; x_wconf 92' lang='lat' dir='ltr'>in</span> <span class='ocrx_word' id='word_1_262' title='bbox 1307 2820 1371 2875; x_wconf 90' lang='lat' dir='ltr'>eius</span> 
     </span>
     <span class='ocr_line' id='line_1_29' title="bbox 146 2903 1371 2981; baseline -0.003 -13"><span class='ocrx_word' id='word_1_263' title='bbox 146 2913 183 2968; x_wconf 86' lang='lat'>88</span> <span class='ocrx_word' id='word_1_264' title='bbox 200 2906 298 2966; x_wconf 90' lang='lat' dir='ltr'>locum</span> <span class='ocrx_word' id='word_1_265' title='bbox 325 2904 509 2964; x_wconf 87' lang='lat' dir='ltr'>submittere.</span> <span class='ocrx_word' id='word_1_266' title='bbox 560 2904 720 2979; x_wconf 87' lang='lat' dir='ltr'>Antipater</span> <span class='ocrx_word' id='word_1_267' title='bbox 746 2903 900 2980; x_wconf 90' lang='lat' dir='ltr'>suspicans</span> <span class='ocrx_word' id='word_1_268' title='bbox 926 2903 1164 2963; x_wconf 88' lang='lat' dir='ltr'>criminationem</span> <span class='ocrx_word' id='word_1_269' title='bbox 1190 2903 1302 2962; x_wconf 83' lang='lat' dir='ltr'>factam</span> <span class='ocrx_word' id='word_1_270' title='bbox 1331 2907 1371 2981; x_wconf 89' lang='lat' dir='ltr'>st,</span> 
     </span>
     <span class='ocr_line' id='line_1_30' title="bbox 159 2992 1371 3069; baseline -0.002 -16"><span class='ocrx_word' id='word_1_271' title='bbox 159 3014 185 3053; x_wconf 89' lang='lat' dir='ltr'>ao</span> <span class='ocrx_word' id='word_1_272' title='bbox 200 2994 277 3069; x_wconf 89' lang='lat' dir='ltr'>quod</span> <span class='ocrx_word' id='word_1_273' title='bbox 302 2993 504 3052; x_wconf 82' lang='lat' dir='ltr'>Alexandrum</span> <span class='ocrx_word' id='word_1_274' title='bbox 528 2993 664 3051; x_wconf 91' lang='lat' dir='ltr'>audierat</span> <span class='ocrx_word' id='word_1_275' title='bbox 687 2993 809 3052; x_wconf 87' lang='lat' dir='ltr'>fortuna</span> <span class='ocrx_word' id='word_1_276' title='bbox 832 2994 961 3053; x_wconf 89' lang='lat' dir='ltr'>secunda</span> <span class='ocrx_word' id='word_1_277' title='bbox 986 2993 1139 3051; x_wconf 90' lang='lat' dir='ltr'>sublatum</span> <span class='ocrx_word' id='word_1_278' title='bbox 1165 2992 1371 3068; x_wconf 88' lang='lat' dir='ltr'>superbiorem</span> 
     </span>
     <span class='ocr_line' id='line_1_31' title="bbox 199 3079 1372 3160; baseline 0.001 -21"><span class='ocrx_word' id='word_1_279' title='bbox 199 3082 453 3155; x_wconf 86' lang='lat' dir='ltr'>crudelioremque</span> <span class='ocrx_word' id='word_1_280' title='bbox 480 3097 546 3139; x_wconf 91' lang='lat' dir='ltr'>esse</span> <span class='ocrx_word' id='word_1_281' title='bbox 572 3081 700 3157; x_wconf 78' lang='lat' dir='ltr'>factum,</span> <span class='ocrx_word' id='word_1_282' title='bbox 728 3081 783 3140; x_wconf 92' lang='lat' dir='ltr'>sibi</span> <span class='ocrx_word' id='word_1_283' title='bbox 807 3083 1017 3155; x_wconf 87' lang='lat' dir='ltr'>praemetuens</span> <span class='ocrx_word' id='word_1_284' title='bbox 1044 3079 1114 3138; x_wconf 91' lang='lat' dir='ltr'>iniit</span> <span class='ocrx_word' id='word_1_285' title='bbox 1135 3081 1307 3160; x_wconf 84' lang='lat' dir='ltr'>consilium,</span> <span class='ocrx_word' id='word_1_286' title='bbox 1336 3087 1372 3140; x_wconf 92' lang='lat' dir='ltr'>ut</span> 
     </span>
     <span class='ocr_line' id='line_1_32' title="bbox 198 3163 1372 3252; baseline 0 -24"><span class='ocrx_word' id='word_1_287' title='bbox 198 3168 403 3228; x_wconf 89' lang='lat' dir='ltr'>Alexandrum</span> <span class='ocrx_word' id='word_1_288' title='bbox 435 3168 628 3244; x_wconf 89' lang='lat' dir='ltr'>interficeret,</span> <span class='ocrx_word' id='word_1_289' title='bbox 659 3169 744 3243; x_wconf 90' lang='lat' dir='ltr'>eique</span> <span class='ocrx_word' id='word_1_290' title='bbox 777 3187 925 3227; x_wconf 90' lang='lat' dir='ltr'>uenenum</span> <span class='ocrx_word' id='word_1_291' title='bbox 956 3170 1095 3244; x_wconf 89' lang='lat' dir='ltr'>paratum</span> <span class='ocrx_word' id='word_1_292' title='bbox 1127 3168 1159 3227; x_wconf 91' lang='lat' dir='ltr'>in</span> <span class='ocrx_word' id='word_1_293' title='bbox 1191 3170 1331 3245; x_wconf 85' lang='lat' dir='ltr'>pyxidem</span> <span class='ocrx_word' id='word_1_294' title='bbox 1363 3163 1372 3252; x_wconf 72' lang='grc' dir='ltr'>Η</span> 
     </span>
     <span class='ocr_line' id='line_1_33' title="bbox 145 3254 1372 3332; baseline 0.008 -25"><span class='ocrx_word' id='word_1_295' title='bbox 145 3257 417 3323; x_wconf 61' lang='lat' dir='ltr'>marceniensem</span> <span class='ocrx_word' id='word_1_296' title='bbox 436 3256 567 3315; x_wconf 88' lang='lat' dir='ltr'>coniecit.</span> <span class='ocrx_word' id='word_1_297' title='bbox 600 3256 676 3314; x_wconf 89' lang='lat' dir='ltr'>hanc</span> <span class='ocrx_word' id='word_1_298' title='bbox 694 3254 725 3313; x_wconf 89' lang='lat' dir='ltr'>iu</span> <span class='ocrx_word' id='word_1_299' title='bbox 747 3257 893 3332; x_wconf 89' lang='lat' dir='ltr'>ungulam</span> <span class='ocrx_word' id='word_1_300' title='bbox 913 3255 1055 3314; x_wconf 78' lang='lat' dir='ltr'>mutinam</span> <span class='ocrx_word' id='word_1_301' title='bbox 1069 3256 1148 3315; x_wconf 88' lang='lat' dir='ltr'>ferro</span> <span class='ocrx_word' id='word_1_302' title='bbox 1164 3258 1296 3317; x_wconf 87' lang='lat' dir='ltr'>uinctam</span> <span class='ocrx_word' id='word_1_303' title='bbox 1310 3259 1372 3318; x_wconf 90' lang='lat' dir='ltr'>olu-</span> 
     </span>
     <span class='ocr_line' id='line_1_34' title="bbox 145 3342 1371 3425; baseline -0.003 -15"><span class='ocrx_word' id='word_1_304' title='bbox 145 3355 183 3410; x_wconf 83' lang='grc'>88</span> <span class='ocrx_word' id='word_1_305' title='bbox 199 3348 249 3425; x_wconf 82' lang='lat' dir='ltr'>sit,</span> <span class='ocrx_word' id='word_1_306' title='bbox 273 3349 309 3405; x_wconf 92' lang='lat' dir='ltr'>ut</span> <span class='ocrx_word' id='word_1_307' title='bbox 330 3344 393 3403; x_wconf 89' lang='lat' dir='ltr'>nim</span> <span class='ocrx_word' id='word_1_308' title='bbox 411 3343 519 3403; x_wconf 92' lang='lat' dir='ltr'>ueneni</span> <span class='ocrx_word' id='word_1_309' title='bbox 542 3344 694 3403; x_wconf 83' lang='lat' dir='ltr'>continere</span> <span class='ocrx_word' id='word_1_310' title='bbox 717 3349 826 3419; x_wconf 91' lang='lat' dir='ltr'>posset.</span> <span class='ocrx_word' id='word_1_311' title='bbox 868 3345 944 3403; x_wconf 89' lang='lat' dir='ltr'>hanc</span> <span class='ocrx_word' id='word_1_312' title='bbox 966 3343 1028 3403; x_wconf 90' lang='lat' dir='ltr'>filio</span> <span class='ocrx_word' id='word_1_313' title='bbox 1053 3342 1219 3405; x_wconf 83' lang='lat' dir='ltr'>Cassandro</span> <span class='ocrx_word' id='word_1_314' title='bbox 1244 3347 1371 3406; x_wconf 89' lang='lat' dir='ltr'>tradidit</span> 
     </span>
     <span class='ocr_line' id='line_1_35' title="bbox 158 3432 1371 3512; baseline 0 -17"><span class='ocrx_word' id='word_1_315' title='bbox 158 3455 184 3496; x_wconf 80' lang='lat' dir='ltr'>aa</span> <span class='ocrx_word' id='word_1_316' title='bbox 199 3454 321 3512; x_wconf 89' lang='lat' dir='ltr'>remque</span> <span class='ocrx_word' id='word_1_317' title='bbox 331 3434 434 3494; x_wconf 87' lang='lat' dir='ltr'>edocet</span> <span class='ocrx_word' id='word_1_318' title='bbox 445 3433 591 3508; x_wconf 89' lang='lat' dir='ltr'>simulque</span> <span class='ocrx_word' id='word_1_319' title='bbox 602 3432 679 3492; x_wconf 90' lang='lat' dir='ltr'>dona</span> <span class='ocrx_word' id='word_1_320' title='bbox 693 3433 767 3509; x_wconf 84' lang='lat' dir='ltr'>regi,</span> <span class='ocrx_word' id='word_1_321' title='bbox 778 3451 854 3508; x_wconf 88' lang='lat' dir='ltr'>qnae</span> <span class='ocrx_word' id='word_1_322' title='bbox 864 3432 1049 3509; x_wconf 83' lang='lat' dir='ltr'>Babylonem</span> <span class='ocrx_word' id='word_1_323' title='bbox 1061 3435 1203 3508; x_wconf 84' lang='lat' dir='ltr'>portaret,</span> <span class='ocrx_word' id='word_1_324' title='bbox 1220 3435 1272 3494; x_wconf 89' lang='lat' dir='ltr'>dat</span> <span class='ocrx_word' id='word_1_325' title='bbox 1285 3455 1371 3510; x_wconf 90' lang='lat' dir='ltr'>prae·</span> 
     </span>
    </p>
   </div>
   <div class='ocr_carea' id='block_1_5' title="bbox 197 3600 1373 4171">
    <p class='ocr_par' dir='ltr' id='par_1_6' title="bbox 197 3600 1373 4171">
     <span class='ocr_line' id='line_1_36' title="bbox 288 3600 1373 3674; baseline 0.004 -17"><span class='ocrx_word' id='word_1_326' title='bbox 288 3610 304 3657; x_wconf 76' lang='lat'><strong>2</strong></span> <span class='ocrx_word' id='word_1_327' title='bbox 323 3604 421 3674; x_wconf 89' lang='lat' dir='ltr'>naues]</span> <span class='ocrx_word' id='word_1_328' title='bbox 437 3620 470 3657; x_wconf 90' lang='lat' dir='ltr'>ex</span> <span class='ocrx_word' id='word_1_329' title='bbox 485 3601 588 3656; x_wconf 78' lang='lat' dir='ltr'>‘nauis’</span> <span class='ocrx_word' id='word_1_330' title='bbox 605 3618 675 3656; x_wconf 91' lang='lat' dir='ltr'>corr.</span> <span class='ocrx_word' id='word_1_331' title='bbox 690 3619 730 3670; x_wconf 92' lang='lat' dir='ltr'>pr.</span> <span class='ocrx_word' id='word_1_332' title='bbox 746 3619 783 3656; x_wconf 89' lang='lat' dir='ltr'>m.</span> <span class='ocrx_word' id='word_1_333' title='bbox 800 3603 804 3668; x_wconf 88' lang='grc'>1</span> <span class='ocrx_word' id='word_1_334' title='bbox 820 3600 907 3655; x_wconf 83' lang='lat' dir='ltr'>uerba</span> <span class='ocrx_word' id='word_1_335' title='bbox 927 3602 1011 3656; x_wconf 87' lang='lat' dir='ltr'>‘unda</span> <span class='ocrx_word' id='word_1_336' title='bbox 1024 3646 1030 3658; x_wconf 89' lang='lat'><strong>.</strong></span> <span class='ocrx_word' id='word_1_337' title='bbox 1042 3644 1065 3658; x_wconf 92' lang='lat'>..</span> <span class='ocrx_word' id='word_1_338' title='bbox 1086 3602 1244 3657; x_wconf 86' lang='lat' dir='ltr'>deuehitur‘</span> <span class='ocrx_word' id='word_1_339' title='bbox 1266 3604 1373 3660; x_wconf 87' lang='lat' dir='ltr'>deleuit</span> 
     </span>
     <span class='ocr_line' id='line_1_37' title="bbox 198 3671 1372 3797; baseline 0.003 -70"><span class='ocrx_word' id='word_1_340' title='bbox 198 3673 386 3729; x_wconf 84' lang='lat' dir='ltr'>Reitzenstein</span> <span class='ocrx_word' id='word_1_341' title='bbox 456 3679 471 3726; x_wconf 82' lang='lat'>³</span> <span class='ocrx_word' id='word_1_342' title='bbox 488 3672 567 3797; x_wconf 47' lang='lat' dir='ltr'>(adg</span> <span class='ocrx_word' id='word_1_343' title='bbox 587 3672 683 3728; x_wconf 88' lang='lat' dir='ltr'>addidi</span> <span class='ocrx_word' id='word_1_344' title='bbox 699 3675 704 3742; x_wconf 79' lang='grc'>1</span> <span class='ocrx_word' id='word_1_345' title='bbox 721 3671 917 3745; x_wconf 85' lang='lat' dir='ltr'>Atlanticum)</span> <span class='ocrx_word' id='word_1_346' title='bbox 932 3673 1096 3728; x_wconf 77' lang='lat' dir='ltr'>atlanticum</span> <span class='ocrx_word' id='word_1_347' title='bbox 1169 3672 1311 3743; x_wconf 81' lang='lat' dir='ltr'>4Patala]</span> <span class='ocrx_word' id='word_1_348' title='bbox 1327 3692 1372 3730; x_wconf 88' lang='lat' dir='ltr'>ca-</span> 
     </span>
     <span class='ocr_line' id='line_1_38' title="bbox 197 3743 1371 3814; baseline 0.002 -16"><span class='ocrx_word' id='word_1_349' title='bbox 197 3748 291 3799; x_wconf 87' lang='lat' dir='ltr'>tacam</span> <span class='ocrx_word' id='word_1_350' title='bbox 353 3743 522 3814; x_wconf 79' lang='lat' dir='ltr'>tfluminis]</span> <span class='ocrx_word' id='word_1_351' title='bbox 562 3749 608 3798; x_wconf 74' lang='lat' dir='ltr'>urTr</span> <span class='ocrx_word' id='word_1_352' title='bbox 682 3749 715 3797; x_wconf 93' lang='lat'>10</span> <span class='ocrx_word' id='word_1_353' title='bbox 733 3743 857 3814; x_wconf 89' lang='lat' dir='ltr'>iamque]</span> <span class='ocrx_word' id='word_1_354' title='bbox 876 3745 1017 3813; x_wconf 70' lang='lat' dir='ltr'>namque!</span> <span class='ocrx_word' id='word_1_355' title='bbox 1039 3743 1204 3797; x_wconf 71' lang='lat' dir='ltr'>decucurre&#39;r</span> <span class='ocrx_word' id='word_1_356' title='bbox 1277 3751 1309 3799; x_wconf 93' lang='grc'>11</span> <span class='ocrx_word' id='word_1_357' title='bbox 1329 3745 1371 3800; x_wconf 90' lang='lat' dir='ltr'>in-</span> 
     </span>
     <span class='ocr_line' id='line_1_39' title="bbox 198 3814 1371 3886; baseline 0.002 -18"><span class='ocrx_word' id='word_1_358' title='bbox 198 3814 289 3871; x_wconf 87' lang='lat' dir='ltr'>merit&#39;</span> <span class='ocrx_word' id='word_1_359' title='bbox 356 3821 388 3868; x_wconf 80' lang='lat'>12</span> <span class='ocrx_word' id='word_1_360' title='bbox 405 3815 466 3886; x_wconf 91' lang='lat' dir='ltr'>spe]</span> <span class='ocrx_word' id='word_1_361' title='bbox 482 3833 510 3869; x_wconf 89' lang='lat' dir='ltr'>se</span> <span class='ocrx_word' id='word_1_362' title='bbox 528 3819 531 3882; x_wconf 91' lang='grc' dir='ltr'>Ι</span> <span class='ocrx_word' id='word_1_363' title='bbox 547 3816 667 3870; x_wconf 89' lang='lat' dir='ltr'>iniectae</span> <span class='ocrx_word' id='word_1_364' title='bbox 684 3817 689 3882; x_wconf 84' lang='lat' dir='ltr'>l</span> <span class='ocrx_word' id='word_1_365' title='bbox 704 3814 834 3868; x_wconf 84' lang='lat' dir='ltr'>lacunam</span> <span class='ocrx_word' id='word_1_366' title='bbox 850 3815 950 3868; x_wconf 84' lang='lat' dir='ltr'>statuit</span> <span class='ocrx_word' id='word_1_367' title='bbox 964 3814 1155 3868; x_wconf 83' lang='lat' dir='ltr'>Reitzenstein</span> <span class='ocrx_word' id='word_1_368' title='bbox 1220 3820 1254 3867; x_wconf 82' lang='lat'>14</span> <span class='ocrx_word' id='word_1_369' title='bbox 1272 3816 1371 3886; x_wconf 83' lang='lat' dir='ltr'>&lt;inue-</span> 
     </span>
     <span class='ocr_line' id='line_1_40' title="bbox 198 3884 1371 3959; baseline 0.002 -19"><span class='ocrx_word' id='word_1_370' title='bbox 198 3887 258 3941; x_wconf 90' lang='lat' dir='ltr'>nire</span> <span class='ocrx_word' id='word_1_371' title='bbox 271 3886 407 3959; x_wconf 87' lang='lat' dir='ltr'>posscnt&gt;</span> <span class='ocrx_word' id='word_1_372' title='bbox 423 3885 564 3956; x_wconf 85' lang='lat' dir='ltr'>suppleui;</span> <span class='ocrx_word' id='word_1_373' title='bbox 583 3885 614 3939; x_wconf 93' lang='lat' dir='ltr'>in</span> <span class='ocrx_word' id='word_1_374' title='bbox 628 3884 688 3940; x_wconf 91' lang='lat' dir='ltr'>cod.</span> <span class='ocrx_word' id='word_1_375' title='bbox 703 3887 795 3939; x_wconf 89' lang='lat' dir='ltr'>exstat</span> <span class='ocrx_word' id='word_1_376' title='bbox 809 3886 919 3938; x_wconf 86' lang='lat' dir='ltr'>tantum</span> <span class='ocrx_word' id='word_1_377' title='bbox 936 3885 1016 3938; x_wconf 86' lang='lat' dir='ltr'>‘esse’</span> <span class='ocrx_word' id='word_1_378' title='bbox 1080 3889 1113 3936; x_wconf 87' lang='grc'>16</span> <span class='ocrx_word' id='word_1_379' title='bbox 1129 3885 1166 3952; x_wconf 79' lang='lat' dir='ltr'>eil</span> <span class='ocrx_word' id='word_1_380' title='bbox 1183 3887 1212 3938; x_wconf 87' lang='lat' dir='ltr'>et</span> <span class='ocrx_word' id='word_1_381' title='bbox 1276 3893 1309 3942; x_wconf 79' lang='lat'>17</span> <span class='ocrx_word' id='word_1_382' title='bbox 1325 3905 1371 3941; x_wconf 92' lang='lat' dir='ltr'>ne-</span> 
     </span>
     <span class='ocr_line' id='line_1_41' title="bbox 197 3949 1345 4026; baseline 0.002 -16"><span class='ocrx_word' id='word_1_383' title='bbox 197 3957 348 4026; x_wconf 88' lang='lat' dir='ltr'>gauerunt]</span> <span class='ocrx_word' id='word_1_384' title='bbox 363 3972 432 4011; x_wconf 90' lang='lat' dir='ltr'>corr.</span> <span class='ocrx_word' id='word_1_385' title='bbox 447 3974 482 4010; x_wconf 92' lang='lat' dir='ltr'>ex</span> <span class='ocrx_word' id='word_1_386' title='bbox 493 3956 718 4026; x_wconf 85' lang='lat' dir='ltr'>‘nauigaucrunt&#39;</span> <span class='ocrx_word' id='word_1_387' title='bbox 736 3957 740 4024; x_wconf 77' lang='lat' dir='ltr'>l</span> <span class='ocrx_word' id='word_1_388' title='bbox 756 3955 811 4010; x_wconf 88' lang='lat' dir='ltr'>iter</span> <span class='ocrx_word' id='word_1_389' title='bbox 825 3955 898 4024; x_wconf 89' lang='lat' dir='ltr'>esse]</span> <span class='ocrx_word' id='word_1_390' title='bbox 912 3954 1059 4018; x_wconf 83' lang='lat' dir='ltr'>interesse;</span> <span class='ocrx_word' id='word_1_391' title='bbox 1075 3970 1143 4009; x_wconf 89' lang='lat' dir='ltr'>corr.</span> <span class='ocrx_word' id='word_1_392' title='bbox 1155 3949 1345 4012; x_wconf 81' lang='lat' dir='ltr'>Reitzenstein</span> 
     </span>
     <span class='ocr_line' id='line_1_42' title="bbox 198 4024 1372 4107; baseline 0.002 -26"><span class='ocrx_word' id='word_1_393' title='bbox 198 4032 231 4081; x_wconf 79' lang='lat'>21</span> <span class='ocrx_word' id='word_1_394' title='bbox 252 4027 390 4097; x_wconf 87' lang='lat' dir='ltr'>sitientes]</span> <span class='ocrx_word' id='word_1_395' title='bbox 410 4028 548 4082; x_wconf 90' lang='lat' dir='ltr'>redientes</span> <span class='ocrx_word' id='word_1_396' title='bbox 565 4032 570 4097; x_wconf 90' lang='grc' dir='ltr'>Ι</span> <span class='ocrx_word' id='word_1_397' title='bbox 586 4044 686 4097; x_wconf 88' lang='lat' dir='ltr'>aquam</span> <span class='ocrx_word' id='word_1_398' title='bbox 707 4025 808 4081; x_wconf 89' lang='lat' dir='ltr'>salsam</span> <span class='ocrx_word' id='word_1_399' title='bbox 872 4029 905 4077; x_wconf 77' lang='lat'>22</span> <span class='ocrx_word' id='word_1_400' title='bbox 925 4024 1073 4107; x_wconf 84' lang='lat' dir='ltr'>supprimi]</span> <span class='ocrx_word' id='word_1_401' title='bbox 1089 4027 1212 4094; x_wconf 85' lang='lat' dir='ltr'>supremi</span> <span class='ocrx_word' id='word_1_402' title='bbox 1275 4034 1310 4082; x_wconf 79' lang='lat'>24</span> <span class='ocrx_word' id='word_1_403' title='bbox 1323 4029 1372 4084; x_wconf 89' lang='lat' dir='ltr'>lit-</span> 
     </span>
     <span class='ocr_line' id='line_1_43' title="bbox 197 4094 1369 4171; baseline -0.001 -18"><span class='ocrx_word' id='word_1_404' title='bbox 197 4099 287 4170; x_wconf 89' lang='lat' dir='ltr'>terae]</span> <span class='ocrx_word' id='word_1_405' title='bbox 308 4099 337 4152; x_wconf 90' lang='lat' dir='ltr'>in</span> <span class='ocrx_word' id='word_1_406' title='bbox 356 4098 467 4153; x_wconf 90' lang='lat' dir='ltr'>nomine</span> <span class='ocrx_word' id='word_1_407' title='bbox 487 4099 519 4151; x_wconf 80' lang='lat' dir='ltr'>di</span> <span class='ocrx_word' id='word_1_408' title='bbox 537 4099 639 4153; x_wconf 90' lang='lat' dir='ltr'>summi</span> <span class='ocrx_word' id='word_1_409' title='bbox 657 4114 761 4153; x_wconf 88' lang='lat' dir='ltr'>rerum·</span> <span class='ocrx_word' id='word_1_410' title='bbox 780 4097 891 4150; x_wconf 89' lang='lat' dir='ltr'>litterae</span> <span class='ocrx_word' id='word_1_411' title='bbox 908 4100 912 4163; x_wconf 82' lang='grc' dir='ltr'>Ι</span> <span class='ocrx_word' id='word_1_412' title='bbox 929 4094 1080 4166; x_wconf 81' lang='lat' dir='ltr'>olimpiade</span> <span class='ocrx_word' id='word_1_413' title='bbox 1097 4100 1101 4166; x_wconf 93' lang='grc' dir='ltr'>Ι</span> <span class='ocrx_word' id='word_1_414' title='bbox 1117 4098 1231 4171; x_wconf 85' lang='lat' dir='ltr'>quibus]</span> <span class='ocrx_word' id='word_1_415' title='bbox 1249 4100 1308 4167; x_wconf 81' lang='lat' dir='ltr'>‘qui</span> <span class='ocrx_word' id='word_1_416' title='bbox 1324 4102 1369 4140; x_wconf 90' lang='lat'>-’</span> 
     </span>
    </p>
   </div>
   <div class='ocr_carea' id='block_1_6' title="bbox 198 4220 1371 4375">
    <p class='ocr_par' dir='ltr' id='par_1_7' title="bbox 198 4220 1371 4375">
     <span class='ocr_line' id='line_1_44' title="bbox 198 4220 1371 4294; baseline 0.003 -18"><span class='ocrx_word' id='word_1_417' title='bbox 198 4223 226 4278; x_wconf 91' lang='lat' dir='ltr'>in</span> <span class='ocrx_word' id='word_1_418' title='bbox 245 4241 298 4278; x_wconf 88' lang='lat' dir='ltr'>ras.</span> <span class='ocrx_word' id='word_1_419' title='bbox 317 4240 334 4277; x_wconf 96' lang='lat' dir='ltr'>a</span> <span class='ocrx_word' id='word_1_420' title='bbox 353 4239 436 4278; x_wconf 90' lang='lat' dir='ltr'>manu</span> <span class='ocrx_word' id='word_1_421' title='bbox 455 4241 508 4278; x_wconf 84' lang='lat' dir='ltr'>rec.</span> <span class='ocrx_word' id='word_1_422' title='bbox 586 4230 620 4279; x_wconf 81' lang='lat'>26</span> <span class='ocrx_word' id='word_1_423' title='bbox 639 4223 791 4291; x_wconf 80' lang='lat' dir='ltr'>adduceret</span> <span class='ocrx_word' id='word_1_424' title='bbox 814 4220 844 4291; x_wconf 92' lang='lat' dir='ltr'>[b</span> <span class='ocrx_word' id='word_1_425' title='bbox 864 4221 928 4276; x_wconf 89' lang='lat' dir='ltr'>add.</span> <span class='ocrx_word' id='word_1_426' title='bbox 951 4240 969 4277; x_wconf 89' lang='lat' dir='ltr'>a</span> <span class='ocrx_word' id='word_1_427' title='bbox 989 4223 1164 4294; x_wconf 78' lang='lat' dir='ltr'>munerea]</span> <span class='ocrx_word' id='word_1_428' title='bbox 1251 4229 1285 4278; x_wconf 82' lang='lat'>27</span> <span class='ocrx_word' id='word_1_429' title='bbox 1308 4241 1371 4294; x_wconf 89' lang='lat' dir='ltr'>pro·</span> 
     </span>
     <span class='ocr_line' id='line_1_45' title="bbox 198 4293 1370 4375; baseline 0.002 -27"><span class='ocrx_word' id='word_1_430' title='bbox 198 4295 296 4365; x_wconf 86' lang='lat' dir='ltr'>fagum</span> <span class='ocrx_word' id='word_1_431' title='bbox 346 4301 380 4348; x_wconf 89' lang='lat'>30</span> <span class='ocrx_word' id='word_1_432' title='bbox 391 4295 561 4364; x_wconf 91' lang='lat' dir='ltr'>superiorem</span> <span class='ocrx_word' id='word_1_433' title='bbox 613 4302 644 4349; x_wconf 88' lang='lat'>31</span> <span class='ocrx_word' id='word_1_434' title='bbox 656 4297 876 4375; x_wconf 77' lang='lat' dir='ltr'>pretermetuons</span> <span class='ocrx_word' id='word_1_435' title='bbox 926 4299 959 4349; x_wconf 75' lang='lat'>82</span> <span class='ocrx_word' id='word_1_436' title='bbox 970 4294 1111 4365; x_wconf 80' lang='lat' dir='ltr'>pyxidem]</span> <span class='ocrx_word' id='word_1_437' title='bbox 1120 4293 1286 4364; x_wconf 80' lang='lat' dir='ltr'>lycasidem3</span> <span class='ocrx_word' id='word_1_438' title='bbox 1300 4312 1370 4350; x_wconf 92' lang='lat' dir='ltr'>corr.</span> 
     </span>
    </p>
   </div>
   <div class='ocr_carea' id='block_1_7' title="bbox 199 4383 1370 4491">
    <p class='ocr_par' dir='ltr' id='par_1_8' title="bbox 199 4383 1370 4491">
     <span class='ocr_line' id='line_1_46' title="bbox 199 4383 1370 4491; baseline 0.001 -17"><span class='ocrx_word' id='word_1_439' title='bbox 199 4420 341 4476; x_wconf 84' lang='lat' dir='ltr'>Schwartz</span> <span class='ocrx_word' id='word_1_440' title='bbox 399 4426 432 4474; x_wconf 84' lang='lat'>33</span> <span class='ocrx_word' id='word_1_441' title='bbox 447 4420 520 4473; x_wconf 93' lang='lat' dir='ltr'>hanc</span> <span class='ocrx_word' id='word_1_442' title='bbox 535 4419 564 4473; x_wconf 92' lang='lat' dir='ltr'>in</span> <span class='ocrx_word' id='word_1_443' title='bbox 577 4419 725 4491; x_wconf 87' lang='lat' dir='ltr'>ungulam]</span> <span class='ocrx_word' id='word_1_444' title='bbox 740 4383 973 4491; x_wconf 54' lang='lat' dir='ltr'>handinungulzm</span> <span class='ocrx_word' id='word_1_445' title='bbox 1033 4425 1066 4474; x_wconf 84' lang='lat'>35</span> <span class='ocrx_word' id='word_1_446' title='bbox 1081 4417 1141 4489; x_wconf 89' lang='lat' dir='ltr'>regi</span> <span class='ocrx_word' id='word_1_447' title='bbox 1154 4417 1238 4488; x_wconf 90' lang='lat' dir='ltr'>quae]</span> <span class='ocrx_word' id='word_1_448' title='bbox 1253 4419 1370 4488; x_wconf 88' lang='lat' dir='ltr'>regique</span> 
     </span>
    </p>
   </div>
   <div class='ocr_carea' id='block_1_8' title="bbox 0 0 1512 4922">
    <p class='ocr_par' dir='ltr' id='par_1_9' title="bbox 0 0 1512 4922">
     <span class='ocr_line' id='line_1_47' title="bbox 0 0 1512 4922; baseline 0 0"><span class='ocrx_word' id='word_1_449' title='bbox 0 0 1512 4922; x_wconf 95' lang='lat' dir='ltr'> </span> 
     </span>
    </p>
   </div>
  </div>
 </body>
</html>
