3014 4922
206 283 361 338 Alexandri
376 282 473 352 Magni
486 283 647 341 Macedonis
662 250 801 355 epitomae
815 299 905 339 rernm
921 284 1063 352 gestarum
1077 281 1149 336 liber
1162 279 1197 336 11.
1247 278 1289 342 99
1358 341 1359 346 ¹

118 451 273 514 dederunt
316 471 367 512 eos
391 453 568 514 Macedones
596 473 650 529 per
676 455 794 514 noctem
822 454 980 528 sequentes
1007 470 1101 526 usque
1129 450 1169 510 ad
1191 448 1292 508 Liberi

118 540 218 601 Patris
243 541 412 602 columnam
436 543 609 618 peruenisse
633 543 779 602 dicuntur.
825 541 898 602 inde
917 541 954 600 ad
977 540 1088 599 flumen
1111 538 1236 598 Tanaim
1260 540 1291 596 et

118 633 219 690 castra
237 631 440 691 reuersionem
458 631 601 691 fecerunt.
639 632 708 691 dein
727 633 795 706 post
817 630 951 690 triduum
973 630 1010 688 ad
1025 628 1204 688 Maracanda
1221 645 1287 685 uer·
1307 635 1344 690 13

119 737 170 778 sus
188 718 248 778 iter
266 718 413 779 festinans
435 720 533 780 facere
556 720 698 797 intendit,
723 723 757 779 ut
776 719 989 796 Stiphamenen
1012 717 1222 793 inprudentem
1241 734 1290 791 op·

116 807 269 883 primeret.
307 827 397 884 quern
418 808 471 867 ubi
490 808 697 885 Stiphamenes
717 810 829 868 reuerti
848 807 974 884 audiuit,
994 806 1099 866 Graios
1117 823 1290 881 oppugnare
1331 825 1344 863 s

115 896 243 956 destitit.
286 897 337 956 ille
367 899 468 956 antem
499 897 537 956 ad
564 897 745 958 Maracanda
773 897 926 974 profectus
952 899 1059 971 quarto
1088 895 1135 953 dis
1161 893 1290 953 deuenit.

115 983 275 1044 Graiorum
294 984 401 1046 caedes
421 991 507 1046 erant
525 987 631 1046 factae.
666 989 800 1046 mortuos
819 985 940 1062 sepeliri
955 984 1186 1061 Menedsmeque
1203 999 1290 1058 prae-

115 1074 197 1134 fecto
217 1074 408 1149 sepulchrum
428 1074 492 1134 fieri
510 1076 606 1134 iussit.
643 1075 748 1134 deinde
774 1095 827 1151 per
850 1093 956 1150 agrum
977 1072 1159 1150 Sogdianam
1182 1089 1288 1149 agmen
1306 1075 1344 1132 14

115 1161 211 1222 duxit.
244 1181 280 1222 ex
299 1180 335 1222 eo
353 1181 443 1239 porro
462 1164 493 1222 in
516 1164 688 1223 Bactrinam
711 1164 848 1239 peruenit
868 1166 900 1222 et
921 1163 1031 1221 Besum
1054 1160 1161 1220 adduci
1180 1161 1268 1220 iussit
1282 1154 1291 1242 l]

116 1269 246 1328 eumque
264 1270 444 1327 suspensum
464 1272 545 1312 more
560 1253 720 1312 Persarum
737 1252 836 1311 fundis
850 1252 978 1311 necauit.
1010 1250 1117 1310 deinde
1135 1252 1204 1326 poet
1218 1267 1338 1323 [1111111ΙΓ

48 1378 56 1392 =
116 1339 194 1400 diem
220 1339 410 1400 undecimum
435 1341 474 1399 ad
498 1343 609 1400 flumen
627 1339 741 1401 Ochum
766 1341 913 1418 peruenit.
954 1340 983 1399 id
1002 1340 1120 1399 transit.
1160 1339 1290 1400 indeed
1317 1364 1342 1402 11

116 1426 213 1487 Oxum
229 1429 342 1488 flumen
355 1429 485 1490 deuenit.
513 1449 548 1489 ex
562 1431 605 1489 sis
619 1430 790 1508 regionibus
801 1430 948 1506 quaedam
962 1429 1117 1488 hominum
1128 1428 1287 1488 multitudo
1305 1436 1342 1491 15

117 1519 225 1576 timore
253 1517 375 1594 inpulsa
401 1517 431 1576 in
460 1520 609 1596 quendam
636 1523 767 1579 montem
795 1522 991 1595 praeruptum
1022 1520 1113 1593 atque
1141 1518 1289 1576 excelsum

116 1606 326 1682 confugerant,
345 1606 428 1666 cuius
448 1607 621 1668 horribilem
640 1609 767 1667 altitudo
786 1611 941 1684 aspectum
958 1607 990 1666 in
1009 1626 1041 1666 se
1060 1606 1200 1682 habebat,
1221 1626 1290 1666 nam

98 1697 153 1755 ab
171 1696 232 1754 imo
251 1695 289 1754 ad
313 1713 462 1754 summurn
485 1715 543 1756 non
570 1697 668 1756 minus
687 1697 742 1755 XX
765 1697 870 1756 stadiis
890 1742 896 1755 .
913 1739 942 1756 ..
962 1715 996 1755 eo
1021 1695 1121 1755 aditus
1145 1714 1204 1755 uno
1225 1696 1289 1756 loco
1318 1717 1344 1757 15

116 1803 171 1859 per
194 1785 368 1860 speluncam
391 1786 524 1860 patebat.
566 1786 699 1862 reliquae
722 1789 823 1862 partes
847 1785 1078 1861 inpendentibue
1103 1784 1182 1843 saxis
1205 1789 1291 1844 erant

117 1875 304 1948 praeruptae.
338 1873 393 1932 hoc
412 1874 464 1933 ubi
477 1873 647 1933 Alexander
666 1875 831 1951 expugnari
849 1893 908 1934 non
927 1892 1013 1950 posse
1028 1873 1114 1950 uidit,
1132 1872 1169 1932 de
1183 1877 1288 1933 cuncto
1307 1883 1344 1938 16

118 1961 249 2020 exercitu
273 1961 408 2022 homines
428 1961 499 2022 000
523 1983 598 2038 qnos
622 1963 811 2024 fortissumos
835 1981 900 2022 esee
923 1963 1045 2038 putauit
1067 1963 1161 2038 elegit
1178 1961 1290 2038 hosque

118 2049 225 2126 grandi
243 2050 377 2126 praemio
392 2051 526 2127 inpulsos
539 2055 609 2128 post
622 2056 755 2111 montem
769 2051 895 2111 adduxit
908 2051 1192 2126 demonstrauitqua,
1211 2053 1246 2109 ut
1260 2051 1290 2109 in

119 2138 198 2197 saxis
218 2139 321 2198 clauos
339 2139 453 2199 ferreos
472 2139 622 2216 †angulis
642 2146 723 2200 actos
743 2141 871 2219 figerent
895 2142 927 2199 et
945 2141 1039 2199 lineas
1062 2140 1291 2199 transducerent
1319 2161 1345 2200 so

117 2229 207 2304 atque
231 2227 276 2286 ita
298 2227 471 2287 minutatim
488 2223 649 2308 <aditum>
673 2230 877 2290 scandentium
901 2229 1068 2289 adleuando
1091 2229 1122 2286 in
1142 2247 1291 2288 summum

117 2316 226 2376 montis
237 2315 382 2376 uerticem
394 2320 546 2392 reperent3
559 2317 588 2377 id
600 2319 630 2376 in
641 2323 727 2379 nocte
738 2319 974 2396 adgrederentur
984 2320 1023 2394 et,
1033 2335 1099 2376 cum
1110 2317 1274 2394 diluxisset,

118 2405 220 2464 linteis
239 2404 371 2464 candidis
391 2405 447 2464 sibi
471 2401 685 2483 significarent.
720 2409 752 2466 id
774 2408 819 2466 illi
844 2408 932 2467 citius
951 2406 1114 2465 Alexandri
1136 2406 1200 2481 opi·
1219 2411 1340 2471 lifol-10⁷⁸

119 2493 206 2552 nione
225 2494 370 2552 fecerunt.
403 2495 590 2570 cumplures
609 2497 841 2572 praecipitantes
859 2497 1016 2572 perissent,
1036 2496 1144 2570 reliqui
1158 2496 1289 2571 perfece·
1307 2468 1343 2523 ¹⁷

118 2585 196 2640 runt.
239 2580 410 2642 Alexander
433 2601 500 2642 curu
526 2585 622 2660 primo
646 2604 732 2644 mane
756 2585 851 2644 mittit
874 2586 1021 2661 quendam
1046 2603 1081 2643 ex
1105 2584 1166 2643 suis
1189 2584 1291 2643 Daren
1318 2604 1345 2644 as

117 2671 155 2728 ad
174 2670 354 2730 Ariomazen
371 2672 504 2731 hostium
522 2673 636 2747 ducem,
655 2674 706 2750 qui
728 2673 756 2731 ei
773 2674 975 2748 persuaderet,
994 2673 1040 2731 uti
1060 2691 1092 2732 se
1111 2673 1246 2749 dederet,
1266 2674 1290 2730 si

117 2759 147 2816 id
162 2759 327 2835 impetrare
345 2779 404 2820 non
418 2762 575 2837 potuisset,
592 2762 676 2822 iubet
688 2762 798 2837 Daren,
818 2762 863 2821 uti
877 2781 926 2821 eos
941 2763 992 2837 qui
1010 2761 1042 2820 in
1061 2781 1177 2822 summo
1192 2765 1292 2821 essent

117 2848 309 2924 significaret.
342 2847 373 2906 id
392 2849 445 2908 ubi
463 2849 634 2910 Ariomazes
653 2852 815 2927 conspexit,
834 2851 999 2910 admiratus
1019 2855 1074 2924 est,
1094 2851 1179 2925 quasi
1198 2850 1288 2909 Alex-
1306 2856 1344 2911 18

117 2937 209 2995 ander
227 2934 259 2994 in
281 2937 412 2996 exercitu
431 2939 567 2998 homines
586 2941 731 3000 uolaticos
750 2939 883 2999 haberet.
921 2959 988 3000 curn
1006 2939 1043 2997 de
1062 2957 1097 2998 aa
1116 2958 1148 2997 re
1168 2939 1291 2998 timidus

116 3025 311 3102 consultaret,
325 3026 398 3100 quid
412 3032 526 3106 ageret,
545 3029 709 3088 multitudo
728 3029 890 3104 hominum,
910 3047 986 3104 quae
1004 3028 1047 3087 ibi
1065 3031 1139 3104 erat,
1152 3026 1291 3087 Arioma-
1318 3045 1345 3085 1ο

116 3131 168 3173 zen
184 3113 408 3174 interfecerunt.
442 3117 548 3176 deinde
565 3117 625 3194 ipsi
639 3112 714 3195 <se>
729 3118 913 3177 dediderunt.
948 3116 1117 3177 Alexander
1135 3120 1237 3178 autem
1256 3135 1291 3175 eo

115 3203 273 3262 interfecto
297 3202 422 3279 reliquis
446 3205 571 3281 ignouit.
610 3207 716 3268 deinde
739 3207 844 3265 diebus
861 3209 932 3282 post
950 3206 1053 3281 paucis
1072 3209 1188 3281 partem
1208 3224 1288 3264 exer·
1307 3207 1344 3262 19

116 3291 194 3350 citus
213 3291 245 3350 in
264 3290 391 3351 Bactros
410 3293 567 3355 Nautacen
590 3296 622 3354 in
645 3296 771 3354 hiberna
793 3295 962 3372 praemisit,
988 3295 1052 3370 ipae
1078 3313 1144 3354 curn
1168 3295 1291 3369 reliquis

116 3379 289 3456 Xeiniptam
311 3379 445 3440 eiusdem
465 3382 511 3442 rei
536 3403 627 3445 carue
652 3385 806 3444 concessit.
852 3384 896 3442 ibi
921 3403 987 3443 cum
1017 3383 1211 3458 Sissimithre,
1237 3383 1288 3457 qui

204 3564 334 3622 arnono
351 3567 356 3638 Ι
372 3569 532 3624 marcadam
601 3572 795 3626 omaroadam
864 3569 1075 3638 ssogidienum
1148 3568 1291 3624 9Bactri·

115 3637 192 3710 narn]
211 3636 354 3692 becedam
427 3645 458 3692 11
480 3639 597 3696 Ocelum
671 3649 704 3696 12
720 3642 874 3713 quaedam]
888 3641 1002 3710 quidam
1017 3643 1078 3709 (per
1091 3657 1182 3710 comp.
1193 3642 1255 3710 sor.)

116 3713 150 3762 14
167 3708 262 3833 ouiuq]
274 3725 391 3777 quornm
409 3713 413 3777 Ι
434 3709 568 3784 altitudo]
583 3713 736 3767 multitudo
806 3719 838 3767 15
852 3730 909 3768 non
927 3711 1031 3783 minus]
1051 3711 1178 3765 nominas
1194 3715 1199 3778 1
1215 3713 1291 3766 lacn·

115 3796 181 3834 nam
203 3779 232 3834 in
253 3778 328 3834 rcaui
420 3787 452 3836 17
476 3783 643 3854 expugnari]
669 3801 703 3837 ex
728 3783 909 3854 ‘expugnare’
931 3800 999 3838 corr.
1016 3801 1056 3852 pr.
1072 3802 1108 3838 nr.
1129 3785 1134 3852 Ι
1157 3781 1229 3838 uidit
1243 3783 1290 3856 de]

114 3850 196 3906 urdro
211 3849 241 3904 di
314 3854 347 3904 18
362 3851 548 3924 fortissumos]
565 3856 650 3908 fortes
664 3871 786 3909 summos
802 3859 807 3922 Ι
823 3855 907 3909 hosce
981 3860 1013 3908 19
1028 3853 1166 3926 inpulsos]
1181 3853 1290 3925 pulsosr

115 3938 186 3976 corr.
209 3921 399 3976 Reitzenstein
499 3930 531 3977 21
555 3923 708 3998 (aditum)
737 3924 842 3980 inserui
939 3930 973 3977 22
996 3928 1144 3994 reppererit
1166 3929 1171 3994 Ι
1195 3927 1291 3998 nocte]

115 3995 201 4047 noctu
217 3997 222 4060 1
238 3991 391 4047 deluxieset
463 3999 497 4048 23
516 3996 557 4067 id]
576 3999 605 4049 at
621 3999 625 4064 Ι
641 3995 802 4065 opinionem
871 4002 905 4050 24
921 3995 1154 4068 praecipitantes]
1168 4013 1202 4051 ex
1218 3997 1292 4068 ‘per-

114 4063 310 4134 ancipitantes’
337 4079 405 4118 corr.
425 4082 465 4135 pr.
485 4084 521 4120 m.
616 4073 650 4122 21
675 4069 766 4121 Daren
785 4067 821 4121 ad
840 4067 1017 4138 Ariomazen]
1041 4068 1107 4122 dare
1126 4066 1291 4124 nadnriobs-

115 4151 203 4190 renen
264 4137 299 4188 26
314 4149 344 4188 11
358 4132 485 4206 dederet]
500 4137 629 4192 redderet
687 4144 720 4193 27
736 4138 919 4208 impraetrara
935 4143 939 4204 1
955 4137 1047 4194 Daren
1058 4140 1111 4210 uti]
1125 4137 1265 4193 darenuti

115 4247 149 4296 28
167 4238 361 4310 significarent
378 4240 559 4298 ariobarzanes
644 4249 678 4297 29
697 4245 799 4298 habere
886 4251 920 4299 3ο
940 4229 1126 4299 ariobalanen
1206 4249 1289 4300 31111

114 4310 468 4436 dediderunt]rediernnt;
484 4330 553 4370 corr.
567 4314 756 4369 Reitzenstein
824 4321 858 4370 83
873 4313 1001 4386 Bactros]
1017 4304 1051 4370 ex'
1066 4314 1203 4370 ‘bactros‘
1219 4331 1288 4369 corr.

114 4398 155 4464 pr.
174 4399 211 4464 m.
233 4382 288 4450 1111
310 4383 388 4465 ornia
460 4391 494 4440 84
508 4386 653 4440 concessit.
672 4384 724 4458 ibi]
745 4386 890 4442 concessit.
924 4386 988 4442 'libi
1008 4389 1012 4452 Ι
1036 4383 1207 4440 Sissimithre
1227 4387 1288 4462 qui]

114 4468 239 4510 ers-sime
258 4453 338 4522 requi
353 4453 439 4525 [inter
454 4454 516 4512 ‘sis'
532 4458 562 4511 et
576 4457 667 4512 ‘sime'
689 4455 811 4528 spatium
831 4457 911 4514 unius
931 4457 1041 4513 litterae
1060 4455 1191 4530 uacuum]
