3014 4922
199 257 349 313 Alexandri
362 257 461 328 Magni
475 257 638 313 Macedonis
653 257 792 328 epitomae
805 273 898 310 rerum
913 260 1054 327 gestarum
1069 257 1140 313 liber
1153 258 1189 314 II.
1235 260 1298 330 119

198 416 329 489 deditque
345 418 399 488 eis]
418 420 484 487 post
502 419 572 472 haec
586 418 673 471 uerba
687 417 825 486 quaedam
838 417 1014 473 intercidisse
1028 417 1086 471 iam
1101 435 1186 488 supra
1200 419 1285 472 adno·
1300 435 1353 486 aas

126 489 194 544 nun
229 505 320 558 usque
340 488 416 542 euim
436 489 496 542 ueri
515 487 606 543 simile
621 490 665 543 est
679 487 868 542 Alexandrum
883 492 1046 544 ornamenta
1059 487 1111 542 illa
1125 489 1213 558 regia,
1227 506 1299 556 quae

126 563 325 615 enumerantur
344 560 406 614 uiro
425 559 536 614 cuidam
556 558 667 613 dedisse
685 558 861 614 nobilissimo
881 557 1001 627 quidem,
1021 559 1071 612 sed
1085 561 1130 614 cui
1143 578 1219 614 mors
1236 561 1299 615 Per-

126 647 216 686 sarum
236 649 271 687 ea
284 629 463 685 nullomodo
477 629 684 684 conueniebaut
703 631 748 698 (cf.
765 630 890 699 Xenoph.
907 631 995 686 instit.
1008 631 1071 700 Dyr.
1086 634 1112 698 8,
1126 636 1151 696 3,
1168 636 1200 685 13
1214 649 1299 699 πρου-

126 703 241 770 φαίνετο
258 703 275 755 d
292 703 379 768 Κύροε
393 702 440 768 ἐφ’
454 702 577 769 ἅρματος
590 703 663 767 ἔχων
679 738 721 756 ...
736 707 840 767 χιτῶνα
853 707 1018 770 πορφυρούν
1034 704 1205 770 μεεόλευκον,
1225 705 1299 772 ἄλλῳ

126 775 150 826 δ’
168 775 219 826 ούκ
243 775 330 828 ἔξεετι
353 774 517 838 μεεόλευκον
541 774 634 840 ἔχειν).
671 773 810 825 neminem
834 772 921 841 igitur
944 790 978 827 ea
997 777 1161 827 ornamenta
1179 773 1299 842 gessisse

126 842 178 898 uisi
197 859 293 911 regem
313 844 408 912 ipsum
427 843 470 895 his
489 849 636 910 praeterea
655 842 724 896 locis
747 842 938 897 confirmatur:
967 841 1042 898 Ourt.
1063 849 1088 911 6,
1108 850 1132 912 6,
1152 850 1177 898 4.
1201 843 1298 900 Iustiu.

127 920 168 982 11,
183 919 207 980 8,
222 920 248 970 8.
269 915 351 968 Diod.
372 919 415 980 17,
431 918 472 981 77,
488 919 512 966 6.
531 913 605 967 Plut.
619 913 698 967 Alex.
714 919 756 979 61,
772 919 796 967 8.
815 912 937 982 Ephipp.
954 915 1028 982 apud
1042 914 1143 969 Athen.
1159 934 1186 983 p.
1201 919 1252 970 637
1267 915 1299 971 Ε.

125 986 179 1039 iam
197 985 282 1040 nobis
301 983 492 1053 quaerendum
512 986 563 1052 est,
583 983 651 1052 quid
671 983 856 1038 interciderit.
889 985 964 1054 apud
983 983 1107 1039 Curtium
1128 992 1192 1053 6,1,
1209 991 1241 1040 11
1261 987 1299 1040 le-

124 1055 214 1124 gimus
241 1055 396 1110 Oxathrem
422 1054 458 1109 ab
481 1054 640 1109 Alexandro
665 1053 696 1108 in
721 1055 865 1110 cohortem
890 1056 1042 1110 amicorum
1069 1059 1213 1125 receptum
1239 1074 1299 1112 esse

126 1125 213 1180 ‘omui
238 1129 370 1181 uetustae
394 1125 531 1180 claritatis
555 1127 659 1180 honore
685 1126 816 1180 seruato'.
854 1125 1035 1194 quamobrem
1060 1129 1220 1196 putauerim
1246 1129 1300 1183 hoc

125 1197 185 1252 loco
198 1203 347 1251 narratum
365 1196 450 1251 fuisse
464 1196 654 1250 Alexandrum
669 1194 787 1250 Oxathri
805 1199 900 1251 omnia
919 1196 1042 1265 insignia
1060 1215 1111 1266 pro
1131 1196 1191 1251 eius
1210 1199 1300 1267 digni-

122 1271 182 1324 tate
200 1268 360 1322 reddidisse
379 1266 454 1321 etin
472 1267 571 1337 primis
590 1283 653 1320 eum
673 1270 752 1321 ueste
771 1284 911 1336 purpurea
930 1284 1056 1335 ornasse,
1080 1271 1112 1323 ut
1131 1267 1228 1336 colligi
1250 1286 1298 1337 po-

121 1343 180 1393 test
204 1355 238 1394 ex
259 1337 336 1392 Curt.
356 1343 386 1406 6,
406 1345 434 1406 6,
455 1342 469 1389 7
497 1338 616 1392 ‘amicos
697 1337 816 1392 Persicis
842 1340 991 1393 ornauerat
1015 1339 1165 1394 uestibus'.
1202 1340 1298 1395 lustin.

124 1416 166 1478 11,
180 1416 205 1479 3,
220 1415 238 1463 9
259 1409 379 1464 ‘amicos
397 1424 508 1477 qnoque
527 1425 592 1462 suos
611 1408 726 1478 longam
745 1412 851 1463 uestem
870 1411 998 1465 auratam
1017 1427 1241 1482 purpureamque
1256 1429 1298 1465 su-

122 1497 197 1536 mere
217 1481 320 1535 iubet'.
358 1478 440 1534 Diod.
465 1486 506 1548 17,
522 1484 595 1545 77,6
615 1481 728 1534 διέδωκε
748 1480 841 1534 δὲκαὶ
860 1488 919 1536 scic
938 1481 1056 1548 έταίροιε
1073 1484 1300 1550 περιπορφύρους

121 1553 227 1607 ετολύε.
266 1552 368 1620 quibus
387 1548 457 1604 locis
481 1551 606 1604 firmetur
629 1551 714 1606 etiam
733 1550 819 1604 Keilii
844 1551 995 1620 sententia,
1020 1553 1069 1621 qui
1092 1570 1143 1618 pro
1163 1553 1212 1608 ‘ei'
1233 1570 1296 1609 cou-

122 1622 190 1676 iecit
209 1623 288 1688 ‘eis’,
312 1625 345 1675 ut
367 1621 405 1675 sit
429 1621 572 1688 ‘deditque
595 1622 645 1676 eis'
670 1622 697 1686 1.,
709 1640 731 1677 e.
758 1621 894 1691 ‘corporis
918 1622 962 1676 sui
985 1624 1167 1679 custodibus’.
1203 1624 1298 1694 itaque

101 1693 174 1747 ,hoc
193 1692 258 1748 loco
278 1695 349 1747 haec
366 1693 425 1746 lere
443 1690 599 1761 supplenda
618 1695 693 1748 suut:
716 1692 863 1760 ‘deditque
882 1693 922 1748 eis
942 1695 1077 1766 <longam
1095 1698 1203 1749 uestem
1218 1711 1299 1750 aura-

122 1767 180 1818 tam
198 1779 434 1834 purpureamque,
452 1761 513 1832 ipse
531 1766 627 1817 autem
646 1761 788 1834 sumpsit>
806 1764 947 1818 diadema'
969 1781 991 1819 e.
1006 1783 1032 1833 q.
1048 1784 1069 1821 s.

210 1859 358 1932 diadema]
386 1861 460 1915 Curt.
477 1867 502 1928 6,
517 1866 542 1923 6,
561 1865 578 1913 4
599 1860 781 1929 ‘purpureum
800 1860 931 1914 diadema
950 1861 1112 1916 distinctum
1132 1862 1197 1917 albo
1216 1865 1298 1931 quale

124 1931 228 1988 Dareus
252 1931 393 1985 habuerat
416 1931 503 2000 capiti
526 1930 728 1985 circumdedit’.
767 1929 864 1986 Iustiu.
885 1937 927 1998 11,
947 1937 972 1998 3,
991 1936 1007 1985 8
1028 1932 1170 1986 ‘diadema
1250 1935 1298 1988 ad·

123 2003 228 2057 sumit'.
268 2001 350 2057 Diod.
371 2005 413 2069 17,
429 2006 502 2068 77,6
520 2003 554 2057 τὸ
573 2003 708 2068 Περεικδν
728 2002 848 2069 διάδημα
865 2003 1016 2069 περιέθετο.
1048 2002 1159 2056 Arriani
1177 2004 1298 2071 denique

123 2074 198 2128 locos
218 2073 320 2128 afferre
340 2072 506 2141 supersedeo
526 2089 589 2127 cum
608 2074 651 2126 tot
670 2073 727 2125 eius
751 2073 792 2126 rei
814 2074 901 2127 testes
921 2073 1037 2128 exstent.

211 2169 340 2224 tunicam
366 2170 556 2240 mesoleucon]
586 2168 661 2223 Cart.
690 2175 719 2238 6,
739 2174 804 2237 6,1
838 2170 956 2225 ‘uestem
985 2170 1126 2226 Persicam
1154 2173 1293 2241 sumpsit'

124 2240 221 2295 lustin.
238 2247 281 2309 11,
296 2245 355 2306 3,8
374 2239 514 2295 ‘habitum
532 2256 630 2308 regum
644 2239 791 2295 Persarum
813 2285 819 2298 .
837 2281 843 2294 .
860 2283 866 2296 .
886 2243 1030 2299 adsumit?
1069 2242 1149 2297 Diod.
1165 2249 1207 2314 11,
1224 2250 1266 2311 77,
1281 2251 1297 2298 6

122 2313 172 2367 τὸν
186 2313 333 2366 διάλευκον
347 2313 427 2366 ἐνέδυ
441 2317 553 2378 χιτῶνα.
582 2312 656 2366 Plut.
670 2312 748 2367 Alex.
765 2317 808 2382 61,
822 2319 838 2366 3
856 2314 908 2367 τδν
923 2316 1067 2368 διάλευκον
1082 2316 1169 2368 αὐτού
1183 2321 1296 2380 χιτῶνα.

124 2381 244 2452 Ephipp.
260 2399 305 2451 ap.
320 2381 423 2437 Athen.
437 2400 464 2450 p.
480 2382 573 2436 637Ει
593 2383 770 2450 Ἀλέξανδρος
790 2426 817 2437 ..
835 2427 840 2437 .
860 2385 956 2451 ἐφόρει
972 2428 978 2438 .
995 2427 1000 2438 .
1017 2427 1023 2440 .
1042 2387 1167 2452 χλαμύδα
1185 2403 1216 2440 τε
1231 2404 1297 2454 πορ-

124 2455 234 2578 1111
252 2455 422 2577 ‘t‘e‘lt
437 2453 981 2578 ”tiliitdttlmslthtttt
984 2457 1296 2580 6111111116

124 2594 259 2648 tionibus’
280 2566 348 2648 1οωῖ
368 2593 382 2646 I
404 2612 430 2662 p.
446 2599 497 2648 497
509 2595 544 2648 E:
569 2594 721 2663 ‘purpurea
743 2595 839 2647 tunica
865 2612 937 2663 quae
956 2596 1044 2650 clauis
1064 2595 1191 2650 candidis
1211 2597 1295 2650 inter—

123 2667 200 2719 texta
219 2667 445 2732 εε1πορφυρούε
466 2667 551 2732 χιτὼν
570 2666 732 2730 μεεόλευκοε
756 2663 866 2719 dicitur.
905 2667 934 2719 et
950 2668 1111 2733 πορφύρεα(
1129 2666 1242 2734 quidem
1261 2668 1296 2720 ab

124 2751 189 2790 area
210 2736 258 2790 uel
277 2735 374 2804 fundo,
397 2739 429 2788 nt
447 2738 562 2801 uocant,
582 2735 630 2803 qui
648 2734 731 2790 huius
750 2735 851 2791 coloris
870 2737 923 2802 est;
948 2738 1109 2803 μεεόλευκοε
1128 2753 1202 2803 uero,
1221 2739 1296 2804 quod

123 2805 247 2860 medium
266 2807 371 2860 habeat
390 2804 455 2858 albo
479 2805 679 2874 interspersum
699 2849 706 2861 .
726 2849 732 2862 .
753 2851 758 2861 .
778 2807 851 2861 tales
875 2809 955 2860 erant
978 2809 1089 2862 tunicae
1115 2823 1212 2875 regum
1232 2809 1295 2862 Per-

124 2877 201 2931 sidis.
234 2875 404 2944 Hesychius:
423 2879 552 2945 Σάραπιε,
566 2879 700 2945 Περεικδε
712 2881 798 2944 χιτὼν
813 2880 983 2947 μεεύλευκοε,
997 2880 1036 2932 dic
1051 2879 1170 2946 Κτηείαε.
1201 2878 1297 2933 omisit

124 2949 197 3016 quod
218 2946 370 3001 dicendum
388 2946 642 3016 1υἰ1πορφυρούε.’
681 2949 777 3003 omisit
794 2949 880 3004 etiam
900 2953 997 3006 auctor
1016 2950 1161 3020 epitomes.

213 3035 381 3106 caduceum]
400 3035 460 3091 hl.
475 3034 493 3090 i.
510 3054 535 3103 q.
556 3037 730 3106 ‘sceptrum'
765 3038 799 3092 cf.
819 3037 896 3092 Suid.
917 3056 937 3094 s.
958 3057 985 3096 n.
1006 3040 1181 3107 ’κηρύκειον
1214 3045 1296 3107 (κήπ-

122 3107 211 3175 τρον.’
242 3105 284 3160 ita
307 3107 392 3161 etiam
416 3108 490 3175 quod
502 3108 621 3188 ¹proprie
640 3125 720 3177 reges
739 3109 843 3190 habere
862 3108 993 3190 dicuutur
1013 3116 1066 3196 (ex.
1086 3129 1126 3180 gr.
1147 3113 1220 3195 apud
1240 3112 1296 3192 Ho—

123 3177 243 3303 pqleirtqrrn)
266 3182 405 3246 εκήπτρον
431 3194 592 3248 saepissume
612 3177 803 3235 sacerdotibus
823 3181 934 3236 uanbus
953 3184 1056 3253 legatss
1076 3183 1233 3238 oratoribus
1248 3185 1298 3236 tn·

212 3352 312 3390 zonam
330 3335 482 3407 Persicam]
508 3337 585 3391 Diod.
608 3344 648 3406 17,
665 3342 737 3404 77,6
762 3343 790 3393 et
809 3340 883 3395 Plut.
902 3341 980 3397 Alex.
1000 3349 1043 3410 61,
1062 3347 1078 3394 3
1104 3341 1179 3395 iuter
1197 3357 1277 3395 orua-
1297 3361 1350 3412 sse

123 3411 219 3462 menta
242 3408 321 3477 regia
344 3407 428 3462 etiam
452 3413 505 3474 τὴν
523 3409 660 3477 Περεικὴν
682 3411 774 3478 Ζώνην
800 3415 1028 3468 commemorant.
1065 3412 1101 3463 ad
1122 3411 1299 3466 ‘ornamenta

124 3479 203 3548 regia
228 3481 331 3544 omnis,
357 3493 428 3545 quae
447 3477 547 3531 Darius
568 3480 716 3534 habuerat'
742 3484 775 3535 cf.
796 3479 928 3535 Ps-call
948 3483 974 3535 11
996 3491 1028 3536 14
1046 3500 1072 3550 p.
1089 3486 1131 3536 69.
1168 3480 1219 3535 Iul.
1235 3479 1297 3534 Val.

124 3567 151 3619 p.
165 3553 211 3618 91,
228 3553 259 3602 18
271 3564 332 3617 sqq.
369 3548 488 3621 equites]
509 3547 583 3603 Cart.
599 3557 624 3618 6,
638 3555 663 3618 6,
685 3557 699 3604 7
721 3551 838 3605 ‘amicos
857 3567 924 3605 uero
943 3555 972 3607 et
991 3553 1099 3619 equites
1119 3581 1151 3590 -
1171 3553 1200 3604 hi
1219 3567 1297 3604 naur-

123 3638 177 3690 qne
192 3617 333 3690 principes
347 3619 467 3674 militum
483 3651 517 3660 ·-
532 3624 714 3689 aspernantes
728 3621 850 3689 quidem,
866 3623 914 3676 sed
929 3637 1054 3678 recusare
1069 3638 1126 3676 non
1139 3637 1222 3675 ausos
1232 3622 1298 3676 Per-

123 3689 187 3746 sicis
207 3692 358 3745 ornauerat
370 3691 514 3746 uestibus!
544 3690 626 3747 Diod.
643 3697 683 3758 17,
700 3697 742 3761 77,
757 3699 772 3745 6
787 3700 845 3747 τοῑε
858 3693 953 3747 ἵπποι(
965 3693 1100 3760 Περεικὰε
1114 3693 1210 3746 εκευύε
1222 3710 1297 3760 περι·

124 3763 214 3830 έθηκε.
243 3761 393 3830 stipatores
407 3780 477 3830 quos
491 3761 626 3835 habebat]
644 3761 756 3831 scripsit
771 3764 919 3818 Schwartz.
955 3779 1043 3831 neque
1058 3763 1132 3816 enim
1146 3762 1193 3816 hic
1209 3763 1296 3818 ullum

124 3833 216 3888 locum
236 3831 340 3888 hebere
358 3836 476 3902 possunt
495 3833 638 3888 ‘statores'
658 3832 709 3900 illi,
729 3833 764 3888 cf.
784 3832 839 3888 Dic.
859 3833 896 3889 ad
914 3835 981 3889 fam.
1001 3841 1026 3901 1,
1048 3837 1088 3900 17,
1110 3840 1134 3889 1.
1163 3841 1189 3901 1,
1209 3838 1251 3902 19,
1271 3843 1296 3890 1.

126 3902 272 3960 Porcellin.
297 3921 318 3956 s.
338 3920 362 3956 r.
384 3904 556 3974 ‘stipatores'
581 3907 675 3958 autem
699 3909 765 3958 suut
786 3907 1021 3973 <accrepitante
1044 3902 1089 3974 (cf.
1110 3903 1189 3973 Corp.
1209 3905 1294 3973 gloss.

125 3977 172 4030 lat
188 3974 213 4028 11
233 3993 261 4056 p.
277 3977 346 4044 188).
385 3977 420 4028 ad
440 3993 497 4030 rem
518 3973 551 4032 cf.
572 3977 718 4045 praeterea
735 3973 980 4046 Ιιιο111.13,4,18
997 3975 1191 4046 ‘stipatoribus
1210 3975 1296 4048 regiis

124 4044 372 4114 expressusque)

214 4134 327 4205 ornatu]
342 4133 446 4190 codicis
460 4135 598 4205 scriptura
612 4137 655 4189 est
666 4135 777 4190 ‘ornatu
792 4136 842 4190 et'.
865 4135 920 4190 fuit
933 4134 1028 4206 igitur,
1044 4153 1107 4192 oum
1122 4135 1263 4190 crederem
1286 4150 1348 4198 eurr

124 4223 184 4261 esse
210 4203 396 4274 supplendum
420 4205 548 4260 ‘uestitu’
573 4205 719 4275 (ο1.171)
742 4211 772 4260 et
793 4205 913 4261 conferri
938 4225 1021 4276 posse
1049 4208 1119 4278 Nep.
1144 4208 1204 4263 Dat.
1230 4215 1254 4276 9,
1280 4217 1295 4260 3

125 4277 238 4331 ‘ornatu
258 4274 418 4345 uestituque
437 4274 573 4344 militari,'
597 4277 631 4332 cl.
653 4275 790 4330 Breminm
810 4277 846 4330 ad
865 4277 892 4332 h.
908 4277 925 4332 l.
946 4283 1068 4333 ceterum
1083 4296 1137 4333 uox
1158 4278 1292 4332 ‘ornatus'

124 4349 176 4404 hoc
195 4347 258 4401 loco
281 4345 399 4402 fortasse
418 4349 453 4402 ad
472 4363 606 4414 equorum
625 4351 754 4402 ornatum
773 4347 919 4403 referenda
937 4351 992 4416 cst,
1012 4349 1046 4402 cl.
1068 4347 1147 4404 Diod.
1165 4354 1206 4414 17,
1223 4354 1295 4416 77,6

124 4425 153 4474 et
172 4417 243 4472 Pliu.
258 4421 282 4486 8,
297 4423 341 4486 11,
361 4423 411 4472 164
433 4419 522 4488 ‘regio
540 4418 661 4474 instratu
680 4417 814 4474 ornatus.’
