3014 4922
232 230 294 294 138
729 227 761 281 Ο.
776 227 912 298 Wagner:

230 391 326 444 autem
344 386 488 458 regionem
507 386 586 441 illam
605 387 641 441 ab
659 386 758 442 incolis
783 387 924 442 desertam
944 387 1110 455 inuenisset,
1129 387 1320 450 reuersionem
1340 387 1413 443 fecit

231 463 260 515 et
278 461 332 514 iter
350 461 481 529 coeptum
500 457 630 528 perrexit.

178 544 242 594 roae
319 547 405 585 naues
423 528 598 599 aedificatas]
619 528 693 583 Curt.
714 534 836 596 8,12,r.
862 527 943 584 Diod.
963 533 1005 596 17,
1025 534 1068 598 86,
1088 533 1113 584 3.
1137 529 1198 584 Arr.
1218 535 1242 597 5,
1262 535 1288 598 3,
1308 535 1333 585 5.
1374 531 1410 585 cf.

231 603 317 656 etiam
337 618 420 670 supra
439 606 510 666 535.
550 602 672 654 ceterum
692 616 781 668 neque
797 615 868 668 quae
883 600 1055 654 antecedunt
1073 617 1162 668 neque
1182 617 1253 670 quae
1273 603 1410 656 secuntur

231 689 300 726 sana
313 671 444 726 uidentur
460 687 528 726 sese.
562 670 742 739 quamobrem
758 687 791 724 ea
810 669 958 724 audentius
973 688 1007 724 ex
1021 687 1085 724 mea
1105 671 1266 726 coniectura
1285 671 1327 727 sie
1343 689 1410 727 con·

230 742 363 798 formaui:
380 741 507 796 ‘offendit
522 741 598 812 [codz
615 739 693 811 inde]
708 757 793 794 naues
808 742 978 810 aedificatas,
999 742 1031 794 ut
1045 740 1242 812 imperauerat,
1259 759 1410 812 magnum-

231 831 284 882 que
315 816 501 869 commeatum
529 813 564 866 ab
591 812 800 880 Hephaestione
829 813 1031 881 comparatum’
1062 813 1139 882 [codr
1169 815 1408 884 comparauerat],

231 881 1407 1024 7677771671331177177171717611767777

231 1025 331 1079 deatur
356 1041 424 1081 esse.
466 997 579 1094 prorsus
604 1023 660 1078 alia
683 1039 726 1078 res
751 1026 808 1090 est,
832 1025 905 1094 quod
924 1024 954 1078 iu
981 1025 1133 1078 enuntiatis
1153 1025 1281 1080 relatiuis
1299 1027 1408 1094 passim

231 1095 537 1166 plusquamperfectum
562 1095 624 1149 loco
647 1095 806 1164 imperfecti
829 1095 942 1164 ponitur
966 1097 1011 1163 (cl.
1036 1101 1051 1160 5
1071 1097 1126 1164 58).
1168 1097 1287 1151 fortasse
1312 1100 1409 1152 autem

233 1167 320 1221 ‘inde'
350 1166 425 1220 idern
453 1168 495 1222 est
522 1165 598 1235 quod
631 1164 754 1221 ‘deinde’
784 1169 813 1220 et
840 1164 954 1220 retineri
982 1167 1085 1234 potest.
1136 1167 1171 1220 ad
1201 1166 1341 1221 ‘offendit’
1373 1167 1408 1222 ot.

179 1255 250 1371 roal
290 1319 293 1326 '
322 1279 440 1377 liothis]
464 1309 567 1375 Μῶφι(
585 1325 629 1377 ap.
649 1305 730 1362 Diod.
751 1311 792 1374 17,
812 1312 855 1375 86,
873 1313 899 1362 4.
944 1305 1084 1375 ‘Omphis'
1105 1325 1150 1376 ap.
1169 1307 1244 1362 Cart.
1263 1313 1407 1378 8,12,14.

234 1379 268 1431 cf.
289 1379 324 1432 ad
344 1394 377 1432 ea
396 1394 467 1446 quae
486 1381 618 1431 secuntur
633 1375 708 1432 Curt.
728 1381 757 1431 et
777 1377 856 1432 Diod.
876 1381 894 1433 l.
914 1395 937 1432 c.
966 1380 1025 1432 Arr.
1041 1382 1066 1446 5,
1086 1385 1111 1447 3,
1131 1382 1199 1447 bsq.
1232 1382 1358 1434 ceterum
1379 1382 1409 1433 et
1451 1377 1458 1390 ⁸

236 1449 350 1504 ‘Taxili’
371 1450 400 1503 et
420 1447 546 1502 ‘'Parilis’
568 1449 657 1520 [Curt.
672 1453 697 1514 8,
717 1453 759 1516 14,
778 1448 826 1518 35]
847 1449 911 1502 terri
930 1451 1030 1518 potest.

179 1532 242 1582 ιον,ι
322 1518 450 1588 cupidus]
473 1518 698 1588 Curt.8,12,4
723 1519 807 1588 ‘patri
831 1536 941 1588 quoque
964 1520 1057 1574 fuerat
1080 1523 1179 1574 auctor
1205 1521 1327 1575 dedendi
1347 1537 1407 1590 reg·
1494 1545 1495 1582 ι

233 1608 298 1643 num
317 1589 495 1643 Alexandro?

321 1661 402 1782 fatre
421 1660 543 1731 mortuo]
565 1659 639 1713 Curt.
655 1666 680 1726 8,
701 1665 786 1742 12,,5..
807 1659 947 1742 Iliod.1't,
967 1667 1010 1742 86,
1029 1667 1054 1743 2,
1299 1731 1305 1743 .
1404 1739 1410 1750 Ι

334 1734 431 1798 ogatos
456 1731 492 1784 ad
510 1732 699 1785 Alexandrum
719 1732 797 1784 misit
820 1733 933 1800 iterum]
957 1749 1055 1801 scripu
1079 1749 1130 1802 pro
1150 1749 1184 1787 eo
1202 1733 1276 1802 quod
1296 1749 1327 1786 in
1347 1733 1405 1786 cod.

233 1803 325 1856 exstat
345 1802 487 1869 ‘oratum’,
506 1818 597 1870 neque
617 1802 690 1855 enim
709 1801 739 1855 id
758 1801 846 1855 ullum
865 1801 912 1854 hic
932 1802 1022 1857 locum
1034 1804 1146 1873 ,habere
1167 1805 1261 1872 potest
1280 1804 1326 1870 (cf.
1343 1809 1358 1868 5
1374 1807 1406 1856 42
1494 1799 1495 1844 3

232 1877 262 1927 et
281 1880 294 1938 5
310 1878 361 1934 43).
400 1873 522 1926 ‘iterum’
539 1877 634 1928 autem
651 1872 763 1926 tentaui
781 1873 892 1926 secutus
913 1873 991 1927 Diod.
1009 1877 1050 1940 17,
1066 1879 1108 1942 86,
1129 1883 1143 1927 2
1164 1877 1339 1941 διεπέμψατο
1360 1876 1407 1938 μὲν
1494 1897 1495 1920 ι

232 1947 277 1997 καί
300 1947 438 2011 πρότερον
468 1945 537 2012 πρὸ(
560 1945 739 2012 Ἀλέξανδρον
768 1945 798 1998 ἐν
820 1951 855 2014 τῇ
879 1946 1016 2013 Σογδιανῇ
1044 1945 1220 2012 διατρίβοντα
1244 1985 1344 1999 .....
1364 1947 1407 1997 καί
1494 1937 1495 1992 ἶ

232 2017 297 2070 τότε
317 2016 438 2082 πρέεβειε
456 2016 617 2069 duceretls(
635 2019 691 2069 κτλ.
1494 2033 1495 2084 3

180 2098 246 2148 roae
282 2155 289 2166 ·
322 2085 525 2180 renuntiarent]
550 2089 599 2155 (sc.
620 2086 683 2155 sibi)
704 2088 765 2142 Ter.
785 2087 885 2154 Hecyr.
904 2091 955 2138 508
966 2104 1011 2154 sq:
1038 2085 1191 2140 ‘renuntiet
1215 2085 1301 2140 hodie
1328 2084 1407 2153 mihi,
1494 2103 1495 2110 ¹

234 2156 395 2308 seutnguffir
409 2172 507 2296 rllgllet]
532 2226 699 2292 Alexander;
723 2229 817 2281 utrum
840 2228 927 2282 uellet
946 2245 975 2282 se
996 2228 1042 2299 [=
1056 2227 1196 2299 Taxilem]
1220 2245 1338 2296 regnum
1360 2229 1406 2281 ob·

180 2297 564 2438 roallnerenglncerlwlnutare]
585 2365 619 2420 cf.
639 2371 653 2430 5
670 2372 702 2420 52
722 2370 751 2421 et
769 2373 784 2433 5
799 2373 841 2423 54.

181 2449 258 2499 roasa
318 2436 430 2507 itaque]
449 2437 466 2490 i.
487 2453 509 2492 e.
530 2445 562 2491 ut
580 2437 708 2506 priuatus
727 2439 819 2492 homo.

181 2521 260 2570 roera
323 2508 463 2580 onerauit]
483 2510 517 2562 cf.
533 2514 548 2574 5
564 2513 597 2563 70
619 2509 680 2562 ‘has
700 2513 856 2565 commeatu
876 2511 905 2565 et
924 2511 1061 2565 militibus
1077 2512 1224 2566 onerauit’.
1259 2511 1294 2566 cf.
1313 2513 1408 2567 tamen
1494 2555 1495 2566 .

233 2580 345 2634 Petron.
365 2581 417 2634 sat.
433 2585 466 2635 76
485 2597 512 2648 p.
527 2585 569 2648 51,
585 2585 618 2633 36
640 2578 755 2635 Bueeh.:
776 2582 903 2636 ‘oneraui
921 2600 1014 2636 rursus
1033 2582 1129 2636 uinum
1151 2623 1224 2637 ....
1245 2582 1408 2652 mancipia’.
1494 2591 1495 2596 ’

181 2664 260 2714 scam
289 2721 295 2732 .
323 2650 364 2722 id]
388 2652 423 2704 cf.
448 2653 483 2704 ad
502 2657 564 2715 541
585 2653 615 2706 et
638 2652 673 2704 ad
697 2670 756 2706 rem
782 2651 1068 2721 Curt.8,1·2‚⁷sqq.
1097 2652 1178 2706 Diod.
1194 2658 1236 2719 17,
1257 2659 1301 2721 86,
1321 2659 1408 2722 bsqq.

181 2806 226 2856 τοι,
234 2722 447 2862 ξοθίωῗςιῒίιῗέ
460 2793 597 2864 conferto]
623 2793 657 2846 cl.
681 2792 821 2850 Muetzell.
846 2795 881 2847 ad
907 2794 982 2849 Curt.
997 2801 1021 2860 3,
1042 2799 1084 2863 11,
1104 2799 1120 2847 4
1139 2812 1165 2862 p.
1182 2798 1241 2850 123.
1285 2797 1409 2849 ceterum

234 2864 638 3003 ffln⁵2eg¹¹2⁸gf1ss0e⁰⁰nfert¹¹ffl
660 2864 823 2933 saepissime
842 2865 1063 2934 confunduntur,
1089 2863 1123 2920 cf.
1144 2864 1354 2920 Drakenborch.
1374 2866 1408 2919 ad

181 3019 229 3067 ros,
237 3018 262 3056 ιι
327 3006 518 3077 aduentasset]
546 3005 635 3058 malui
662 3005 794 3076 scribere,
824 3023 887 3059 cum
915 3005 1035 3060 mutatio
1058 3005 1194 3061 facillima
1218 3005 1255 3060 sit
1278 3007 1408 3076 [aduent’
1494 3041 1495 3044 =

234 3076 321 3146 esset]
342 3092 425 3143 quam
445 3074 556 3129 ‘hostis’
577 3093 627 3143 pro
647 3075 779 3145 genetiuo
799 3077 934 3144 accipere.

181 3158 260 3209 roano
324 3146 418 3199 hastas
433 3145 551 3215 erigere]
572 3146 605 3200 cf.
620 3147 681 3200 Liv.
696 3151 739 3214 33,
755 3152 796 3211 16,
812 3151 878 3213 3sq.
894 3145 1050 3209 ‘Quinctius
1066 3164 1129 3201 cum
1144 3147 1294 3202 institisset
1308 3149 1408 3203 ceden-

234 3218 323 3283 tibus,
348 3219 463 3284 repeute
487 3215 554 3283 quia
578 3216 719 3285 erigentes
742 3216 839 3270 hastas
863 3215 1030 3271 Macedonas
1050 3222 1247 3288 conspexerat,
1274 3220 1408 3286 quidnam

236 3289 367 3356 pararent
384 3287 515 3353 incertus,
533 3285 676 3355 paulisper
695 3287 820 3340 nouitate
839 3285 880 3340 rei
899 3288 1047 3342 constituit
1066 3290 1162 3358 signa3
1182 3289 1292 3357 deinde,
1312 3293 1345 3343 ut
1364 3307 1409 3344 ac-

235 3359 310 3428 cepit
333 3359 406 3411 hunc
432 3371 537 3410 morem
561 3372 620 3410 esse
639 3357 823 3411 Macedonum
847 3358 1019 3412 tradentium
1043 3375 1116 3429 sese,
1140 3375 1254 3430 parcere
1278 3360 1362 3415 uictis
1380 3361 1408 3413 in

235 3431 358 3484 animum
376 3427 519 3482 habebat!

324 3508 399 3563 solus
423 3509 603 3580 adequitans]
629 3508 704 3563 eurr.
720 3514 744 3576 8,
765 3513 807 3578 12,
827 3514 843 3562 8
868 3509 910 3562 ‘at
933 3511 1018 3564 Indus
1144 3510 1228 3565 iussis
1256 3511 1408 3566 subsistere

236 3580 336 3635 ceteris
359 3581 420 3649 ipse
444 3579 569 3634 concitat
591 3597 692 3648 equum
717 3597 771 3647 quo
794 3579 967 3634 uehebatur-.'
1012 3581 1092 3636 Diod.
1109 3586 1150 3649 17,
1170 3587 1215 3650 86,
1234 3588 1250 3636 6
1274 3583 1360 3636 αὐτὸ(
1378 3583 1407 3634 δὲ

236 3653 296 3719 μετ’
314 3652 416 3717 ὀλίγων
434 3653 627 3718 προιππεύεαε.

183 3743 261 3791 roasa
324 3731 377 3802 ibi]
396 3731 414 3784 i.
434 3749 460 3799 q.
487 3730 609 3785 ‘deinde’
637 3731 683 3786 uel
708 3732 748 3785 ‘in
772 3749 804 3786 eo
830 3732 979 3786 conuentu’
1004 3731 1084 3802 (Sall.
1109 3732 1169 3788 Cat.
1187 3738 1230 3801 27,
1248 3735 1285 3786 41.
1322 3732 1409 3786 uerba

236 3803 329 3883 autem
348 3801 413 3856 inde
433 3804 468 3857 ab
489 3801 550 3855 ‘ibi’
571 3803 712 3884 usquead
733 3803 880 3857 ‘fecerunt’
905 3803 1023 3858 fortasse
1038 3803 1224 3886 'secludenda
1248 3803 1321 3885 sunt,
1346 3820 1408 3857 cnm

235 3891 264 3926 m
282 3891 317 3925 ris
336 3889 408 3941 quae
427 3876 558 3955 secuntur
576 3875 677 3927 iterum
697 3876 726 3928 et
744 3875 902 3929 Alexander
927 3876 957 3929 et
975 3873 1088 3929 Taxilae
1107 3891 1205 3944 pacem
1224 3875 1327 3955 fecisse
1346 3891 1407 3927 nar-

235 3947 341 4068 (lentuli
350 3943 506 4068 etdiTaxrles
528 3959 630 3998 nomen
654 3945 776 3999 mutasse
799 3945 845 4015 (cl.
865 3948 949 4014 554).
987 3946 1079 3999 simile
1105 3946 1248 4014 glossema
1266 3960 1323 3998 mm
1344 3950 1406 4009 539
1494 4011 1495 4022 γ

256 4031 320 4083 epre
343 4032 377 4068 on
408 4032 476 4070 mus.

183 4106 264 4154 reare
328 4093 479 4148 exercitum
506 4098 590 4164 atque
616 4096 785 4167 equitatum]
814 4097 849 4153 cf.
872 4096 989 4166 Herzog.
1016 4096 1053 4148 ad
1076 4095 1153 4150 Caes.
1178 4095 1204 4148 b.
1228 4113 1258 4165 g.
1276 4099 1305 4162 5,
1327 4099 1406 4161 10,1

235 4184 262 4234 p.
278 4171 329 4220 288
354 4167 383 4218 et
406 4172 434 4232 7,
454 4170 502 4232 61,
520 4173 536 4219 2
557 4185 582 4235 p.
603 4172 662 4220 541.
691 4166 961 4237 Fabii-Heerwagen
989 4166 1026 4220 ad
1052 4167 1113 4221 Lir.
1132 4173 1179 4234 22,
1199 4171 1246 4235 37,
1267 4172 1281 4220 7
1306 4171 1407 4234 11351.

236 4239 296 4290 Αιι·.
313 4243 337 4304 5,
357 4242 381 4303 3,
401 4243 417 4290 5
436 4237 525 4291 ἱππεῖ(
543 4240 706 4293 ἑπτακὸιιοι.

184 4327 262 4379 πονο
327 4315 491 4386 elephantos
505 4316 603 4385 LVIII]
625 4316 700 4372 Curt.
716 4325 741 4384 8,
757 4322 799 4383 12,
816 4321 847 4370 11
868 4317 940 4370 ‘th
955 4317 1098 4385 elephanti
1112 4320 1193 4371 eraut
1207 4334 1276 4384 quos
1290 4316 1408 4370 tradidit

237 4388 416 4444 Alexandro’.
457 4387 518 4442 Arr.
537 4393 562 4454 4,
582 4393 625 4456 22,
646 4394 661 4441 6
686 4392 754 4442 τοὺς
780 4389 935 4456 ἐλέφαντα(
1058 4389 1174 4456 ἀριθμὸν
1198 4389 1225 4442 ἐ(
1252 4389 1336 4441 πέντε
1363 4390 1408 4441 καί
