3014 4922
219 282 374 340 Alexandri
389 283 485 354 Magni
499 282 660 342 Macedonis
673 286 814 357 epitomae
829 305 920 344 rerum
935 292 1077 359 gestarum
1093 291 1165 348 liber
1178 291 1213 347 Il.
1260 293 1304 356 95

126 453 224 528 igitur
238 451 380 512 Diderico
395 451 585 515 Volkmauno
604 473 662 532 ago
681 457 898 518 sincerissimas
918 462 1040 534 propter
1058 460 1220 536 benignam
1239 461 1305 520 sius

126 541 349 602 humanitatem
368 545 401 601 et
418 542 640 619 liberalitatem,
660 564 719 622 qua
737 546 819 606 uiros
840 565 899 606 non
918 547 977 606 nisi
995 566 1065 607 uere
1089 549 1165 608 artis
1188 549 1304 609 littera·

125 649 254 707 rumque
279 630 502 692 amantissimos
525 633 679 708 praeditos
703 652 767 694 csse
791 635 909 695 scimus.
954 654 1042 712 spero
1066 641 1167 697 autem
1190 639 1305 698 meite

126 739 190 780 rem
210 719 318 796 egisse,
342 723 453 780 utnon
473 722 689 800 praeriperem,
712 741 788 800 quas
807 723 965 800 potissima
982 725 1048 784 uiro
1067 725 1113 784 illi
1131 725 1303 787 doctissimo

126 807 253 869 dicenda
270 811 350 869 sunt.
384 809 518 869 continui
533 810 612 869 enim
627 830 748 885 operam
763 830 861 872 meam
874 813 906 871 in
921 813 1042 873 edendis
1056 814 1304 891 recensendisque

126 897 227 958 uerbis
251 897 408 974 epitomes.
452 897 484 956 id
507 902 607 958 autem
631 900 822 976 potissimum
845 901 876 960 in
899 902 956 961 hac
979 901 1108 962 editione
1131 903 1304 963 adornanda

124 986 184 1064 egi,
205 990 239 1045 ut
256 987 440 1062 scripturam
461 986 569 1046 codicis
586 987 623 1046 iis
638 990 757 1048 tantum
771 989 843 1050 locis
858 993 1015 1066 mutarem,
1034 1009 1109 1068 quos
1124 992 1304 1068 depredatos

124 1093 190 1135 esse
210 1075 285 1134 mihi
302 1093 481 1152 persuasum
496 1079 583 1149 esset,
604 1077 775 1155 multasque
789 1078 975 1139 coniecturas
989 1080 1158 1154 probabiles
1173 1081 1303 1159 quidem,

124 1183 179 1224 nec
197 1167 301 1224 tamen
320 1165 418 1224 certas
439 1163 470 1222 in
490 1165 655 1240 appendice
674 1166 813 1242 indicare,
832 1186 922 1242 quam
943 1167 974 1226 in
992 1167 1152 1228 uerborum
1170 1169 1303 1228 ordinem

124 1253 256 1328 racipere
268 1253 399 1312 mallem.
422 1253 503 1328 qnod
517 1271 589 1311 uero
604 1272 703 1312 meam
716 1255 747 1312 in
761 1256 817 1315 hoc
831 1274 920 1331 opere
935 1256 1109 1331 expoliendo
1124 1255 1302 1316 industriam

46 1393 50 1402 ,
125 1344 250 1418 spectat,
269 1359 365 1416 neque
385 1340 486 1401 omnia
504 1340 576 1400 libri
593 1360 684 1401 manu
704 1343 808 1419 scripti
824 1345 932 1403 menda
949 1345 1064 1404 intacta
1078 1345 1187 1420 reliqui
1205 1364 1302 1420 neque

125 1430 273 1506 omnibus,
288 1448 364 1506 quae
379 1430 472 1490 etiam
486 1448 534 1488 ms
548 1430 648 1505 ipsum
662 1431 858 1508 offenderunt,
876 1432 1002 1492 fortiora
1015 1432 1156 1492 adhibere
1171 1435 1303 1493 remedia

125 1521 251 1578 conatus
275 1537 355 1592 sum3
383 1514 424 1578 τὰ
449 1514 484 1577 δὲ
504 1512 703 1592 ἀγνοηθέντα
722 1517 907 1593 τυγχανέτω
927 1515 1126 1594 διορθώτεωε
1149 1517 1212 1580 ὑπὸ
1236 1521 1302 1582 τῶν

126 1602 368 1680 δυνατωτέρων.
400 1607 430 1665 in
453 1606 644 1666 adnotatione
663 1611 765 1667 autem
784 1609 895 1685 critica,
913 1609 972 1666 nisi
990 1609 1028 1667 ad
1047 1627 1110 1667 rem
1129 1609 1228 1668 uisum
1247 1614 1302 1685 est,

88 1720 93 1728 ·
127 1694 346 1770 discrepantias
365 1694 613 1770 orthographicas
628 1696 762 1771 aliasque
775 1697 918 1756 minutias
932 1715 991 1756 non
1006 1698 1238 1756 commemoraui
1252 1718 1300 1757 ex-

126 1784 222 1860 ceptis
239 1782 409 1843 nominibus
429 1783 558 1859 propriis
578 1784 714 1843 omnibus
733 1785 831 1861 iisque
849 1785 935 1857 locis,
958 1785 1010 1843 ubi
1028 1784 1065 1843 de
1083 1786 1211 1844 lectione
1228 1805 1301 1845 uera

126 1870 260 1931 dubitari
277 1871 386 1946 potuit.
415 1871 544 1946 deniqne
563 1872 665 1930 sedulo
684 1873 760 1947 caui,
778 1891 816 1931 ne
833 1873 865 1930 in
884 1871 1192 1932 animaduersionibus
1211 1873 1300 1934 nimis

126 1960 260 2037 prolixus
278 1977 390 2034 essem,
409 1961 589 2035 praesertim
607 1979 645 2018 ne
662 1961 694 2018 in
712 1960 916 2036 disputatione
934 1978 1014 2037 mea,
1036 1978 1096 2037 qua
1114 1961 1150 2019 de
1168 1961 1300 2036 singulo·

126 2069 192 2107 rum
215 2049 347 2108 locorum
371 2047 544 2107 condicione
572 2048 712 2126 disserui,
741 2049 773 2106 in
798 2049 987 2125 quaestiones
1012 2049 1080 2108 illas
1107 2048 1300 2108 difficillimas

125 2135 382 2212 grauissimssque
404 2135 552 2211 deferrer,
575 2154 652 2212 quae
676 2140 746 2196 sunt
769 2135 805 2196 ds
829 2136 1005 2196 auctoribus
1026 2154 1061 2195 ac
1079 2136 1300 2197 necessitudine

125 2224 306 2299 fabularum,
330 2241 406 2298 quae
425 2224 462 2283 de
481 2223 644 2284 Alexandri
662 2224 790 2284 historia
812 2225 958 2284 feruntur.
1005 2244 1098 2301 quare
1124 2229 1298 2299 ceterorum,

125 2314 176 2387 qui
199 2313 236 2370 de
256 2312 420 2370 Alexandri
444 2311 534 2372 rebus
560 2312 654 2389 gestis
679 2316 894 2388 exposuerunt,
920 2313 1100 2389 scriptorum
1122 2312 1214 2372 libros
1240 2333 1300 2374 non

126 2399 249 2459 adhibui
267 2399 326 2459 nisi
344 2399 383 2458 ad
402 2401 601 2460 emendandos
620 2401 670 2460 nel
685 2401 887 2477 explanandos
901 2401 1036 2477 singulos
1050 2402 1195 2477 epitomes
1209 2402 1299 2461 locos.

126 2487 366 2548 Volkmanniana
390 2488 471 2564 quod
497 2492 544 2548 est
568 2507 640 2548 uere
665 2489 788 2566 dignum
814 2490 938 2549 scientia
963 2491 1053 2564 atque
1077 2491 1215 2549 doctrina
1239 2509 1298 2549 non

126 2577 228 2655 tetigi,
254 2595 313 2653 qua
332 2595 419 2652 spero
438 2577 511 2652 lore,
532 2575 567 2634 ut
586 2578 771 2652 edoceamur,
796 2595 874 2652 quae
891 2577 986 2638 totius
1007 2577 1047 2638 sit
1065 2578 1209 2653 epitomes
1233 2597 1298 2638 con·

126 2666 201 2726 dicio
219 2683 354 2741 quaeque
377 2665 457 2724 inter
475 2683 542 2724 earn
561 2669 592 2725 et
610 2669 725 2725 ceteras
745 2665 908 2724 Alexandri
927 2665 1068 2725 historias
1087 2666 1164 2724 ratio
1188 2684 1223 2724 ac
1246 2685 1296 2725 ue-

126 2754 276 2814 cessitudo
295 2753 469 2813 intercedat.
498 2754 553 2813 hoc
571 2756 674 2812 autem
693 2755 757 2813 loco
771 2772 867 2829 pauca
881 2756 999 2813 tantum
1014 2754 1051 2813 de
1068 2771 1104 2812 ea
1117 2773 1150 2813 re
1163 2755 1298 2828 proferre

126 2843 209 2901 libet.
245 2841 396 2901 exstitisse
419 2842 541 2901 uidetur
564 2843 733 2919 antiquitus
755 2842 832 2902 liber
851 2841 980 2918 quidam,
1005 2842 1056 2918 qui
1076 2841 1298 2901 inscribebatur

126 2925 174 2989 ‘de
196 2931 287 2990 rebus
309 2931 404 3007 gestis
423 2929 587 2990 Alexandri
605 2924 730 3007 Magni',
752 2930 836 2989 cuius
860 2933 966 2989 auctor
989 2930 1055 3006 quis
1084 2930 1177 2988 fuerit
1199 2948 1297 3006 quaue

125 3021 225 3078 aetate
250 3019 385 3077 floruerit
409 3020 567 3080 nescimus.
608 3023 735 3095 apparet
760 3022 861 3078 antem
888 3019 966 3077 huuc
992 3017 1165 3093 scriptorem
1191 3017 1297 3077 iisdem

125 3109 186 3167 lere
201 3107 374 3167 auctoribus
389 3108 420 3168 in
435 3109 601 3168 enarranda
615 3107 779 3166 Alexandri
792 3107 896 3183 Magni
914 3107 1041 3167 historia
1060 3125 1147 3166 usum
1167 3125 1242 3184 ssse,
1261 3125 1296 3164 ex

125 3196 232 3273 quibus
255 3196 418 3270 fluxerunt,
442 3215 519 3272 quae
543 3196 685 3256 aCurtio
703 3195 834 3255 Diodoro
858 3194 975 3255 Iustino
999 3195 1161 3254 Plutarcho
1183 3195 1297 3255 tradita

124 3289 207 3358 sunt,
234 3302 361 3359 eumque
384 3285 481 3344 artius
501 3304 568 3344 cum
588 3284 784 3346 relationibus
804 3283 902 3343 Curtii
921 3287 953 3342 et
970 3281 1094 3342 Diodori
1115 3300 1206 3359 quam
1228 3300 1296 3341 curn

124 3372 232 3432 Instini
251 3377 282 3432 et
299 3372 456 3432 Plutarchi
474 3375 658 3451 cohaesisse,
682 3372 861 3450 quibusdam
880 3375 982 3431 tamen
1001 3371 1073 3431 locis
1093 3371 1183 3447 plura
1207 3389 1296 3447 quarn

125 3462 262 3521 Curtium
289 3465 319 3522 st
342 3463 457 3522 ceteros
482 3461 671 3538 praebuisse,
697 3461 764 3520 aliis
791 3461 927 3537 quamuis
951 3461 1054 3536 paucis
1077 3476 1143 3518 cum
1166 3457 1295 3518 Arriano

124 3550 316 3626 consensisse,
335 3549 366 3608 in
386 3551 467 3612 exitu
487 3551 615 3628 deniquo
634 3553 716 3610 nitas
734 3549 895 3608 Alexandri
914 3548 1085 3623 exponendo
1105 3547 1238 3622 proxime
1258 3548 1295 3606 sd

125 3659 173 3700 eas
192 3639 310 3699 fabulas
329 3640 499 3717 accessisse,
523 3658 599 3716 quas
623 3641 660 3697 de
684 3657 719 3698 ea
742 3658 776 3698 re
799 3637 959 3712 scriptores
985 3635 1107 3713 quidam
1132 3635 1295 3696 deteriores

125 3727 304 3789 Graecorum
324 3729 486 3788 commenti
504 3733 582 3788 sunt.
621 3747 749 3805 quarum
769 3726 940 3785 fabularum
958 3725 980 3784 ii
999 3723 1168 3800 scriptores,
1188 3723 1238 3800 qui
1257 3723 1295 3783 ad

124 3821 257 3876 nostram
277 3819 408 3876 aetutem
427 3821 638 3892 peruenerunt,
656 3816 713 3876 nisi
732 3814 920 3892 paucissimis
939 3813 1011 3874 locis
1030 3812 1213 3872 mentionem
1235 3832 1294 3872 non

125 3909 259 3966 lecerunt
273 3923 437 3982 earumque
452 3904 583 3982 uestigia
596 3906 742 3981 ampliora
756 3904 854 3964 adhuc
867 3905 986 3962 tantum
1000 3901 1160 3960 exstabant
1173 3901 1203 3960 iu
1218 3901 1295 3961 libro

125 3995 184 4072 illo,
199 4013 257 4070 quo
272 3993 399 4054 historia
408 3993 572 4052 Alexandri
585 3994 616 4052 in
631 3993 752 4054 fabulae
767 3991 952 4052 dulcedinem
967 3990 1127 4066 aquodam
1142 3990 1295 4066 scriptore,

125 4085 175 4162 qui
195 4083 296 4160 uulgo,
315 4101 352 4142 na
371 4101 495 4158 prorsus
512 4083 631 4142 nomine
650 4084 758 4159 careat,
779 4073 1143 4140 ‘Pseudo-Callisthenes
1162 4083 1295 4154 uocatur,

124 4171 289 4248 composita
312 4174 371 4247 est,
397 4171 481 4231 cuius
505 4171 575 4230 libri
597 4171 763 4247 complures
788 4169 974 4228 recensiones
998 4171 1126 4228 aetatem
1151 4167 1294 4226 tulerunt.

125 4265 215 4337 atquo
233 4262 306 4320 haec
325 4260 446 4336 quidem
465 4261 502 4319 de
520 4259 575 4318 hoe
595 4259 738 4335 scriptore
757 4257 867 4317 dixisse
886 4257 1023 4317 sufficiat.
1057 4254 1117 4314 iam
1137 4256 1293 4314 redeamus

125 4350 162 4409 ad
187 4349 274 4408 illum
304 4342 417 4408 ‘rerum
443 4342 609 4426 gestarnm’
637 4351 797 4406 auctorem.
845 4345 929 4404 cuins
957 4344 1067 4404 librum
1096 4347 1202 4420 quarto
1231 4343 1293 4402 iere

125 4439 267 4514 quintoue
286 4459 314 4514 p.
329 4435 398 4498 Chr.
418 4439 537 4498 saeculo
556 4455 574 4495 a
592 4437 692 4496 nescio
716 4455 776 4512 quo
798 4453 905 4511 parum
928 4435 1065 4494 accurate
1089 4433 1292 4508 epitomatum,
