3014 4922
205 257 268 320 108
695 259 727 314 Ο.
742 259 878 328 Wagnerr

203 426 259 486 tibi
282 427 415 486 cedimus
439 428 469 486 et
492 425 624 501 corporis
647 425 742 485 nostri
765 428 867 501 partes
891 426 1023 500 superati
1046 443 1219 501 monemus,
1247 444 1378 501 quarum

203 533 257 590 per
275 518 386 575 terram
409 518 456 574 est
473 517 615 590 potestas.
653 516 732 591 quod
747 533 818 573 uero
833 513 977 574 diuinitus
992 514 1142 574 tributum
1161 516 1216 590 est,
1234 514 1266 572 id
1284 515 1378 591 petis-

204 604 311 662 simum
334 604 365 662 in
389 621 478 661 manu
504 602 627 662 deorum
651 603 716 664 erit.
757 621 820 680 nos,
843 621 920 679 quae
942 621 1012 662 cara
1035 607 1126 678 atque
1151 603 1237 662 utilia
1256 603 1288 662 in
1311 604 1379 662 uita

176 711 269 751 resse
287 694 440 768 putamus,
459 709 495 750 ea
518 691 622 750 damus
647 709 770 767 operam
792 696 827 750 ut
846 709 1059 769 cognoscamus
1083 692 1189 767 hisque
1207 693 1304 768 gratis
1324 692 1376 750 ab·

152 803 188 860 74
204 780 326 854 utimur,
350 799 427 858 quae
451 781 544 839 ceteri
569 780 731 855 possident.
769 798 844 856 quae
868 799 933 839 curn
957 781 1091 856 impensa
1110 781 1252 857 consequi
1270 781 1377 858 nequi·

150 873 275 935 roiroe¹l
294 869 406 942 uerint,
430 886 484 928 nos
507 868 632 928 laudant
650 869 786 928 libenter.
831 888 927 944 neque
945 887 1000 928 nos
1019 861 1028 949 ll
1047 868 1227 927 Graeoomrm
1246 869 1378 945 philoso-

203 958 330 1033 phorum
354 958 450 1032 modo,
473 958 524 1033 qui
547 957 647 1017 uerbis
671 958 783 1032 ualent,
808 976 910 1016 sumus
935 957 1053 1016 similes.
1096 957 1175 1032 apud
1200 975 1255 1017 nos
1282 957 1377 1035 digna

204 1047 297 1105 uerba
326 1046 426 1120 factis,
456 1040 580 1124 <lacta>
612 1045 723 1105 similia
752 1046 854 1106 nerhia
890 1046 1029 1105 existunt.
1082 1047 1185 1121 itaque
1212 1046 1377 1105 maximnm

202 1135 334 1212 pretium
354 1135 523 1210 accipimus,
545 1134 624 1210 quod
644 1134 802 1194 ueritatem
825 1152 858 1193 ao
877 1135 1048 1195 libertatem
1068 1133 1212 1194 habemus
1231 1135 1377 1211 antiquis·

164 1243 189 1282 ιο
204 1224 318 1283 simam.
351 1225 413 1282 noli
432 1224 525 1299 igitur
544 1223 664 1282 studere
683 1223 746 1281 uim
765 1223 906 1282 adhihere
920 1222 976 1296 hie,
991 1223 1099 1299 quibus
1117 1222 1222 1282 inuitis
1242 1222 1375 1282 adimere

202 1312 278 1370 nihil
301 1315 396 1387 potes.
438 1313 512 1371 haec
538 1311 564 1370 si
586 1314 690 1371 contra
709 1312 827 1388 tendes,
852 1312 981 1370 iniustus
1005 1313 1094 1385 atque
1120 1311 1236 1371 alienus
1260 1312 1376 1372 uirtute

152 1409 188 1463 lt
204 1401 362 1477 ridebere,
388 1418 477 1476 quam
505 1400 564 1458 uiri
586 1399 657 1460 boni
680 1401 783 1458 colunt
806 1393 958 1459 studiose?
1004 1399 1051 1458 his
1076 1399 1187 1459 litteris
1211 1405 1376 1460 commotus

203 1488 374 1547 Alexander
398 1488 560 1546 exercitum
583 1489 621 1546 ad
645 1506 695 1546 eas
720 1487 857 1564 regiones
881 1487 988 1546 ducere
1011 1487 1153 1565 intendit,
1180 1507 1239 1564 quo
1262 1487 1294 1546 in
1312 1490 1376 1549 loco

201 1577 335 1636 hostiurn
359 1575 582 1652 Oxydracarum
608 1594 641 1634 ac
666 1575 824 1635 Mallorum
849 1575 932 1634 milia
958 1575 1095 1651 peditum
1122 1576 1321 1636 consederunt
1339 1571 1376 1650 Ὀ,

165 1684 191 1725 ra
206 1664 338 1740 equitum
355 1663 410 1723 XX
428 1665 518 1723 milia.
552 1684 618 1724 cum
638 1664 683 1723 his
703 1671 835 1741 paratus,
855 1668 889 1724 ut
907 1664 1080 1739 confligeret
1099 1665 1170 1739 acie,
1189 1684 1225 1724 ex
1240 1665 1375 1726 Macedo·
1394 1731 1400 1743 ι

205 1753 293 1816 nibus
312 1754 433 1829 quidam
452 1754 607 1828 catapulta
625 1753 719 1812 telum
741 1754 889 1829 tripedale
914 1753 1005 1812 misit
1042 1752 1071 1811 id
1091 1753 1199 1813 accidit
1220 1757 1377 1813 uteorum

204 1842 414 1918 imperatorem
438 1841 579 1901 Sambum
603 1843 763 1917 utrumque
790 1842 887 1900 femur
913 1841 1119 1920 transfigeret,
1148 1842 1192 1900 uti
1214 1843 1376 1918 procedere

151 1939 188 1995 so
204 1930 350 2007 nequiret.
378 1931 409 1989 id
428 1930 479 1989 ubi
493 1930 613 1990 barbari
628 1933 852 2006 conspexerunt,
872 1930 1025 2006 perterriti
1044 1949 1078 1990 ac
1092 1931 1244 2006 fugientes
1259 1950 1292 1990 se
1305 1951 1375 2008 par-

158 2030 197 2070 101.
212 2024 275 2084 88⁸1!
295 2020 350 2078 tim
371 2065 466 2081 .....
484 2020 514 2078 in
534 2019 678 2096 oppidum
696 2020 903 2095 confugerunt.
927 2012 936 2100 Η
959 2020 1012 2079 hos
1034 2019 1182 2095 persecuti
1201 2020 1376 2080 Macedones

163 2130 190 2168 eo
205 2107 346 2183 oppidum
369 2126 478 2168 corona
501 2109 685 2168 circumdata
708 2127 882 2186 oppugnare
906 2108 1004 2169 adorti
1032 2111 1109 2166 suut.
1156 2107 1261 2167 deinde
1284 2108 1374 2167 Alex-

205 2196 297 2254 ander
320 2196 415 2254 acalas
444 2200 557 2255 erectas
581 2195 619 2254 ad
647 2215 765 2254 murum
787 2198 873 2271 ponit
898 2197 1093 2272 celeriterque
1122 2214 1156 2255 eo
1186 2216 1253 2255 cum
1276 2197 1375 2256 trihus

205 2283 341 2342 ascendit
359 2303 393 2342 ac
411 2302 497 2342 muro
516 2283 629 2360 potitus
648 2286 791 2358 protenus
812 2285 843 2342 in
862 2285 1003 2361 oppidum
1022 2284 1151 2346 desiluit.
1188 2285 1297 2361 reliqui
1317 2305 1376 2344 non

153 2382 187 2436 ll
206 2375 277 2431 sunt
295 2373 455 2431 subsecuti.
497 2390 571 2447 quos
590 2371 642 2430 ubi
668 2371 790 2431 barbari
807 2375 1012 2448 conspicantes
1032 2373 1307 2449 circumsteterunt,
1330 2374 1376 2432 illi

205 2461 244 2519 ad
262 2480 380 2518 murum
400 2460 541 2536 adplicati
559 2464 761 2537 repugnantes
780 2462 891 2520 multos
910 2461 1090 2538 occiderunt,
1118 2460 1262 2538 plurimos
1281 2463 1376 2521 sauci-

164 2569 190 2609 as
205 2552 342 2609 suerunt.
379 2549 542 2626 multisque
562 2549 631 2608 telis
650 2549 868 2610 contremiscis
886 2549 1062 2611 Leonnatus
1074 2551 1192 2609 sancius
1211 2550 1246 2609 fit
1263 2551 1375 2610 femore

205 2640 319 2698 dextro.
355 2638 526 2698 Alexander
544 2639 616 2698 item
636 2656 690 2714 per
707 2639 830 2698 loricam
850 2643 972 2716 pectore
991 2639 1116 2704 aduerso
1135 2639 1323 2699 stomachum
1342 2657 1377 2699 ac

205 2731 296 2803 caput
313 2728 507 2786 uehementer
524 2727 601 2787 ictus
620 2729 674 2787 est.
712 2747 779 2786 cum
798 2730 877 2788 malo
896 2731 1018 2804 accepto
1036 2727 1068 2786 in
1090 2727 1214 2787 summis
1232 2727 1375 2802 periculis

206 2819 391 2894 uersaretur,
423 2816 601 2876 Macedones
633 2816 728 2892 portis
756 2817 892 2876 refractis
924 2818 990 2893 regi
1019 2816 1150 2876 subsidio
1178 2820 1376 2876 cucurrerunt

164 2925 190 2964 ao
205 2905 419 2981 oppidanisque
438 2906 576 2964 omnibus
594 2905 760 2966 interfectis
780 2923 849 2966 suos
869 2907 985 2966 saucios
1007 2905 1037 2964 in
1057 2909 1155 2965 castra
1174 2905 1375 2964 abstulerunt.

153 3003 188 3058 ts
207 2995 259 3052 sed
274 2995 324 3052 uhi
339 2987 510 3054 Alexandro
525 2994 632 3053 melius
646 2995 760 3054 factum
774 2997 830 3070 eat,
843 2996 943 3071 rebus,
963 3013 1037 3072 quas
1054 2996 1202 3067 uoluerat,
1215 2995 1375 3054 transactis

157 3093 198 3134 for.
212 3086 252 3133 ιιιι
266 3090 275 3145 n
295 3081 402 3140 Mallos
421 3085 511 3157 atque
530 3080 710 3158 Oxydracas‚
728 3083 780 3158 qui
798 3083 910 3158 proelio
929 3074 938 3162 Η
962 3082 1183 3158 superfuerant,
1205 3082 1271 3157 regi
1290 3101 1376 3157 prae·

204 3170 284 3228 dicto
303 3163 424 3247 (dicto)
444 3170 600 3229 audientes
618 3171 708 3230 iussit
726 3188 798 3229 esse.
836 3173 900 3229 tum
922 3169 1126 3244 philosophos,
1146 3169 1247 3245 quiin
1266 3171 1375 3246 oppido

204 3261 290 3317 erant
313 3256 488 3334 deprehensi
511 3277 635 3319 numero
653 3258 681 3316 X
703 3289 748 3299 -
770 3258 858 3318 hosce
881 3259 1005 3317 adortus
1030 3257 1071 3316 sic
1094 3261 1155 3318 esti
1179 3251 1375 3335 ‘quandoqui-

204 3348 281 3423 dem,
298 3346 364 3405 ludi
383 3346 562 3422 philosophi,
584 3365 638 3406 uos
657 3348 759 3407 hostes
777 3346 864 3406 nobis
883 3363 947 3405 csse
971 3346 1179 3406 declaranistis
1199 3389 1295 3406 .....
1315 3367 1375 3406 me-

164 3455 190 3496 as
204 3436 263 3495 lius
276 3439 323 3497 est
335 3435 413 3495 enim
427 3435 675 3512 animaduertere,
686 3453 762 3511 quae
773 3435 883 3494 dicam:
899 3453 1140 3511 unumquemque
1150 3438 1285 3494 uestrum
1296 3437 1375 3511 quod

295 3645 309 3693 1
330 3639 453 3709 superati
485 3639 509 3694 ei
526 3639 630 3709 partim
703 3645 719 3693 2
738 3657 789 3708 per
806 3639 922 3712 terram]
941 3639 1035 3709 patria
1055 3639 1172 3710 [lineola
1190 3639 1248 3693 lere
1268 3640 1375 3711 erasa];

205 3727 273 3765 corr.
294 3709 356 3765 Keil
380 3713 385 3777 Ι
408 3717 451 3764 est
483 3714 569 3779 eseet3
589 3727 658 3764 corr.
678 3709 741 3764 Keil
813 3717 899 3764 tuos
918 3726 989 3780 quae
1021 3726 1127 3778 noeque
1149 3712 1154 3776 Ι
1177 3710 1341 3780 ceruleum

205 3787 221 3834 ὅ
240 3782 389 3853 quaecum]
408 3798 541 3849 quacum3
560 3799 629 3837 corr.
640 3781 800 3836 Volkmann
873 3786 889 3834 8
909 3780 993 3835 factis
1026 3780 1094 3834 facti
1110 3781 1115 3850 l
1132 3779 1250 3853 (fecta)
1266 3782 1377 3836 addidit

205 3853 288 3920 Keil}
305 3852 427 3907 existant
489 3851 745 3935 tantiquiseimum
811 3856 843 3904 11
858 3851 952 3920 potest
967 3855 971 3919 1
987 3851 1107 3932 tendis·
1149 3856 1180 3905 14
1195 3851 1377 3934 oxudraceta·

205 3923 565 4064 retrituratur
582 3921 1373 4066 tititt]„rtrlttlttl*titillat*ht.

205 4081 305 4118 cunam
321 4064 421 4118 statuit
430 4063 619 4119 Reitzenstein
677 4069 711 4117 20
726 4063 868 4119 adhortati
927 4067 961 4115 22
976 4062 1094 4134 potitus]
1109 4062 1219 4136 potiusl
1236 4064 1340 4134 oppido

205 4140 239 4188 25
259 4134 429 4207 Leonnatus]
448 4133 559 4204 legatur
576 4139 582 4207 Ι
598 4135 651 4188 ‘lit'
668 4151 756 4205 paene
771 4134 886 4191 euanuit
952 4138 986 4187 26
1006 4151 1102 4190 auerso
1119 4139 1123 4205 Ι
1140 4139 1293 4190 atoniacam
1310 4138 1314 4202 1
1331 4135 1376 4207 ac]

205 4206 254 4273 ad3
270 4222 339 4260 corr.
350 4205 412 4258 Keil
472 4211 505 4259 hi
520 4206 706 4278 ictumlmali
717 4205 826 4276 accepti
885 4211 919 4260 28
953 4205 1021 4259 ostis
1080 4211 1114 4260 29
1129 4204 1219 4261 socios
1279 4211 1374 4262 3οιιο-

204 4276 316 4330 luerent
400 4282 432 4330 31
453 4277 584 4332 mallotas
605 4282 609 4346 1
631 4277 779 4348 oxidragas
800 4279 805 4347 Ι
826 4223 951 4347 procliui
963 4294 1014 4346 pro
1033 4277 1096 4343 illo;
1117 4293 1187 4331 corr.
1207 4276 1349 4331 Schwartz
1370 4279 1374 4348 l

205 4347 409 4419 superfuerant]
424 4349 634 4418 eupraluerant3
650 4367 718 4403 corr.
731 4349 872 4404 Schwartz
934 4353 967 4401 32
983 4347 1103 4430 <dicto>
1118 4348 1222 4402 inserui
1280 4354 1314 4402 33
1329 4347 1377 4402 ad-

206 4419 294 4492 ortus]
319 4418 452 4473 aduersus
551 4425 586 4473 84
609 4420 784 4475 declaruistis
811 4418 974 4488 {lacunam
995 4419 1132 4475 indicauit
1150 4417 1341 4474 Reitzenstein
