3014 4922
188 217 252 282 126
681 216 713 272 0.
728 218 864 286 Wagner:

185 384 211 444 4,
227 382 251 444 7,
265 383 281 430 3
302 378 330 431 91
349 374 422 432 Onrt.
439 381 465 443 7,
481 380 521 444 10,
538 380 572 431 10
590 376 704 430 Bessum
719 375 870 430 Ecbatanis
884 378 1014 430 necatum
1030 391 1090 430 9999
1104 375 1291 430 tradiderunt.
1312 377 1362 430 sed

186 446 352 503 9109911.
373 465 393 502 c.
417 447 457 502 ‘in
477 446 624 515 Sogdianis
642 446 780 502 Peucolao
801 487 852 502 ...
875 445 975 502 relicto
994 445 1096 501 Bactra
1119 448 1258 516 peruenit.
1296 447 1363 502 inde

183 521 301 574 Bessum
314 517 459 573 Ecbatana
478 517 542 572 duci
560 517 664 573 iussit’.
701 521 762 572 Arr.
778 517 797 572 l.
813 535 834 572 c.
856 522 902 582 §1
923 519 951 571 ἐι
967 517 1108 585 Ζαρίαεπα
1127 519 1245 586 ἀφίκετο
1267 519 1297 573 91
1315 524 1331 584 5
1346 524 1363 570 3

184 592 251 644 ἔνθα
270 593 304 656 δὴ
326 631 375 648 ...
394 591 556 657 παρήγαγεν
575 590 603 642 tc
622 589 724 643 αὐτοὺς
744 591 854 656 Βῆεεον.

131 683 195 732 caru
273 668 404 739 eumque]
431 668 464 722 de
488 670 578 723 morte
596 667 677 722 Bessi
701 669 734 723 cf.
755 667 830 722 Curt.
850 673 875 736 7,
890 674 915 740 5,
929 673 972 724 40.
997 667 1099 723 lustin.
1116 675 1157 737 12,
1173 674 1198 739 ὁ,
1214 676 1257 724 11..
1279 670 1361 725 Diod.

186 746 228 809 17,
243 745 285 809 83,
301 747 326 794 9.
346 741 407 795 Arr.
422 745 448 805 4,
463 745 487 806 7,
503 745 527 794 8.
547 736 620 793 Plut.
639 738 717 793 Alex.
733 743 775 806 43,
791 745 815 794 3.

274 819 450 890 suspensum]
471 819 559 873 ‘cruci
578 818 709 872 adfixum’
731 819 806 872 Ourt.
825 818 844 875 l.
864 835 887 874 o.
908 818 953 885 (ol.
974 820 1046 874 Just.
1065 818 1083 873 l.
1102 822 1144 888 9.).

273 899 368 953 fundis
386 898 509 969 necauit]
536 900 634 952 auctor
657 896 777 952 similem
802 897 905 968 legisse
928 897 1040 952 uidetur
1065 898 1091 952 ei
1110 899 1252 967 relationi,
1276 917 1361 968 quam

185 971 265 1026 Diod.
284 969 304 1024 1.
324 987 346 1024 c.
365 971 491 1041 praebet,
510 968 559 1037 qui
578 967 659 1022 dicit:
679 971 714 1023 τὰ
733 971 800 1036 μέλη
821 970 1059 1036 διεεφενδόνηεαν.

274 1049 375 1105 deinde
398 1050 464 1118 post
488 1048 562 1102 diem
586 1048 775 1120 undecimum]
800 1047 1026 1115 1199111113
1049 1049 1158 1117 ‘quarto
1182 1049 1227 1103 die
1252 1051 1290 1104 ad
1313 1051 1363 1105 flu-

110 1151 113 1154 ·
186 1139 250 1176 meu
269 1121 358 1175 Oxum
377 1120 542 1190 peruentum
563 1119 615 1172 est’
637 1121 666 1172 et
689 1124 756 1184 §lt
780 1118 932 1186 ‘superatis
955 1119 1056 1173 deinde
1080 1120 1209 1174 amnibus
1229 1120 1308 1176 Ocho
1334 1127 1363 1176 et

186 1192 245 1246 Oxo
265 1194 300 1244 ad
317 1193 414 1245 urbem
429 1188 604 1259 Marganiam
618 1189 769 1259 peruenit’.
797 1189 858 1242 Aru.
873 1195 898 1253 4,
917 1193 957 1256 15,
973 1196 988 1244 7
1008 1191 1093 1245 αὐτὸ(
1107 1193 1137 1245 δὲ
1152 1193 1196 1244 ἐπὶ
1209 1193 1261 1245 τὸν
1275 1194 1362 1248 Ὠξόν

184 1281 216 1318 τε
234 1263 360 1328 ποταμὸν
379 1266 421 1332 ᾔει
441 1262 518 1315 αὖθις
537 1263 582 1314 καὶ
601 1261 629 1315 tc
649 1264 701 1327 τὴν
721 1262 873 1328 (ογδιανήν
896 1267 1052 1328 προχωρεῖν
1075 1263 1197 1326 ἐγνώκει.
1228 1263 1262 1316 de
1283 1263 1361 1317 Ocho

185 1333 298 1386 flumine
318 1335 355 1402 (h.
370 1332 389 1386 l.
410 1331 550 1386 ‘Ocelum’
572 1331 707 1385 traditum
721 1333 774 1400 est)
793 1329 826 1384 91,
843 1336 989 1400 praeterea
1004 1331 1095 1386 Strab.
1113 1339 1153 1397 11,
1171 1339 1212 1399 11,
1228 1339 1243 1386 5
1260 1351 1288 1400 p.
1300 1338 1362 1404 518,
1438 1337 1443 1344 ’

186 1405 234 1472 qui
249 1402 356 1458 Ochum
374 1405 542 1470 νοτιώτερον
560 1407 611 1455 τοι]
627 1403 710 1456 Ὄξον
725 1418 790 1473 ‘esse
810 1400 887 1468 dicit,
908 1403 936 1455 et
957 1400 1072 1458 Ptolem.
1088 1408 1112 1471 6,
1128 1408 1170 1469 11,
1185 1408 1201 1456 2
1216 1411 1246 1456 91
1259 1409 1285 1458 4.
1306 1421 1362 1472 quo

186 1476 270 1528 modo
286 1490 352 1528 uero
366 1473 427 1526 fieri
441 1471 573 1541 potuerit,
587 1474 619 1525 ut
628 1471 786 1526 Alexander
799 1472 919 1542 primum
935 1473 971 1525 ad
982 1472 1098 1541 Ochum,
1108 1475 1208 1528 deinde
1223 1475 1259 1526 ad
1271 1475 1362 1529 Oxum

186 1542 358 1614 peruenerit,
384 1543 430 1596 uix
449 1541 505 1596 dici
523 1543 625 1611 potest.
664 1545 787 1596 ueterum
807 1557 841 1595 ex
859 1543 913 1597 hoc
931 1559 1041 1610 quoque
1060 1543 1122 1598 loco
1147 1545 1192 1614 (of.
1213 1546 1301 1600 uerba
1322 1546 1362 1600 ‘in

186 1614 346 1669 Bactrinam
370 1612 499 1682 peruenit
597 1611 662 1666 inde
687 1613 724 1666 ad
743 1613 831 1667 Oxum
856 1613 994 1682 deuenit’)
1019 1614 1208 1684 colligendum
1234 1619 1276 1670 991
1302 1616 1362 1685 epi-

186 1693 276 1741 tomes
300 1687 440 1738 auctorem
465 1683 603 1739 uocabulo
624 1682 778 1738 ‘Bactrius'
804 1685 913 1753 partem
939 1701 1051 1752 quoque
1069 1684 1226 1754 Sogdianus
1244 1688 1363 1755 prouiu-
1393 1695 1398 1706 ·

187 1758 246 1811 9199
266 1756 295 1809 19
314 1756 412 1810 dextra
431 1754 482 1809 Oxi
501 1753 624 1809 fluminis
642 1754 705 1824 ripa
723 1754 807 1808 sitam
827 1753 1004 1824 designasse,
1023 1758 1054 1809 91
1072 1755 1128 1808 iam
1149 1772 1233 1824 supra
1251 1760 1360 1812 monui·

186 1844 256 1882 mus.
293 1827 482 1881 Alexandrum
501 1829 597 1881 autem
615 1825 665 1879 illo
684 1829 810 1894 tempore
830 1825 934 1879 nonin
957 1829 1086 1896 satrapea
1104 1826 1263 1896 Bactriana,
1289 1845 1361 1897 quae

187 1898 300 1968 proprie
318 1898 360 1951 ita
378 1899 540 1964 uocabatur,
555 1898 698 1950 uersatum
713 1912 774 1950 esse
788 1895 875 1951 etiam
889 1897 932 1964 iis,
948 1912 1020 1965 qnae
1035 1903 1094 1963 §19
1110 1901 1268 1969 sumantur,
1283 1915 1360 1953 com·

186 1971 329 2038 probatur.
367 1971 489 2023 ceterum
509 1968 544 2022 oi.
564 1967 689 2022 Niesium
708 1986 734 2037 p.
751 1972 803 2022 120
821 1971 879 2022 not.
895 1972 919 2021 2.

133 2059 196 2111 cern
276 2065 310 2102 ex
329 2048 368 2101 919
387 2047 561 2118 regionibus]
587 2047 623 2100 ad
647 2063 681 2102 99
699 2064 770 2115 quae
791 2048 921 2101 secuntur
945 2046 978 2100 cf.
998 2047 1114 2116 (19917,
1131 2053 1172 2118 11,
1189 2055 1274 2117 1sqq.
1299 2050 1360 2106 Arr.

187 2127 213 2187 4¹
229 2123 416 2264 18ἰζιιεαᾳεᾞιιιο
435 2197 580 2251 homiuum
600 2198 763 2269 multitudo]
783 2198 902 2266 triginta
919 2195 1000 2253 milia
1019 2201 1189 2252 armatorum
1203 2197 1290 2253 fuisse
1304 2200 1361 2254 tra·

189 2268 231 2322 dit
249 2267 360 2322 Curtius
379 2267 397 2322 l.
417 2283 440 2321 c.
459 2273 475 2332 ξ
491 2272 514 2321 1.

134 2359 200 2410 sera
278 2346 473 2417 praeruptum]
494 2346 569 2402 Cur-t.
588 2352 633 2412 §2
655 2345 789 2414 ‘undique
809 2347 918 2401 abscisa
937 2351 966 2402 et
985 2349 1125 2417 abrupla’.
1153 2350 1213 2403 Arr.
1228 2349 1247 2402 l.
1263 2365 1285 2405 9.
1306 2355 1360 2415 §5-

134 2439 199 2489 99,ιι
279 2426 475 2497 confugerant]
494 2426 528 2479 cf.
549 2442 590 2481 cx.
609 2443 649 2494 gr.
670 2431 733 2492 §18
753 2426 917 2481 ‘multitudo
938 2428 1228 2485 ...iuterfecerunt’.
1265 2429 1360 2484 Fabri·

187 2498 359 2566 Heerwagen
377 2496 414 2552 ad
432 2495 491 2551 niv.
507 2501 550 2565 22,
568 2503 607 2564 10,
623 2501 640 2551 8
658 2515 685 2567 ρ.
701 2501 760 2552 263.

278 2577 357 2632 99199
376 2575 539 2630 horribilem
554 2575 675 2630 altitudo
690 2577 847 2648 aspectum]
866 2594 954 2647 praua
968 2577 1116 2633 uerborum
1131 2577 1313 2635 distinctione
1327 2596 1362 2634 ex

189 2647 363 2703 ‘horribilem
387 2645 518 2720 altitudo'
548 2651 638 2702 ortum
666 2651 709 2702 est
734 2649 855 2717 primum
885 2647 1030 2703 ‘horribile
1053 2649 1231 2718 multitudo',
1260 2651 1361 2705 deiude

189 2720 362 2774 ‘horribilem
387 2718 561 2773 multitudo’.
598 2718 717 2787 denique
740 2721 773 2772 ut
794 2721 877 2788 aptus
902 2735 998 2773 sensus
1017 2719 1182 2788 efficeretur,
1208 2720 1311 2774 ‘cuins'
1332 2723 1362 2776 iu

189 2791 329 2860 ‘quorum'
350 2789 397 2858 (ad
416 2789 581 2848 ‘hominum’
602 2790 757 2858 pertinens)
776 2792 915 2844 mutatum
934 2791 985 2845 991.

277 2871 307 2924 19
326 2869 368 2940 99]
388 2869 471 2924 Fabri
490 2870 526 2924 ad
545 2869 611 2924 Sall.
631 2868 689 2938 Ing.
710 2874 736 2936 4,
752 2875 767 2924 6
786 2887 813 2938 ρ.
829 2873 888 2925 167.

135 2962 199 3014 earu
278 2949 329 3002 XX
348 2947 457 3021 stadiis]
478 2948 553 3003 Onrt.
571 2948 590 3001 l.
611 2966 633 3003 ο.
654 2954 699 3014 52
720 2948 813 3018 ‘petra
831 2949 860 3004 iu
880 2949 1057 3004 altitudinem
1078 2950 1155 3005 XXX
1179 2949 1286 3006 eminet
1305 2953 1361 3006 919-

189 3023 249 3090 dia,
275 3019 393 3075 circuitu
413 3019 433 3073 O
453 3021 482 3074 et
500 3018 521 3071 1.
541 3020 755 3089 complectitur’.
792 3019 845 3073 hoc
865 3022 959 3074 autem
979 3021 1115 3089 epitomes
1138 3023 1200 3077 loco
1222 3023 1361 3090 quaedum

188 3090 362 3148 intercidisse
386 3091 566 3144 manifestum
590 3091 647 3157 est;
676 3091 820 3159 exspectes
844 3107 884 3144 ex.
909 3108 950 3159 gr.
974 3091 1033 3146 tale
1057 3093 1095 3146 ali
1116 3092 1176 3146 uid:
1206 3093 1362 3148 ‘eminebat

188 3163 245 3232 (uel
266 3161 418 3232 ‘patebat')
438 3161 512 3214 enim
531 3161 566 3214 ab
585 3160 641 3214 imo
660 3159 697 3214 ad
717 3177 855 3214 summum
875 3178 932 3216 nou
950 3161 1041 3216 minus
1061 3163 1084 3217 X
1131 3163 1252 3219 stadiis’.

278 3257 311 3296 99
329 3237 529 3364 1111199ὲο991.
547 3239 565 3292 l.
586 3256 609 3293 c.
630 3244 684 3304 13.

136 3325 200 3376 aare
278 3309 404 3366 homiues
446 3308 503 3392 OC]
523 3309 599 3363 Ourt.
618 3309 637 3363 l.
658 3326 680 3364 c.
701 3315 715 3375 5
732 3315 747 3363 7
758 3328 817 3378 sqq.
837 3311 898 3365 Arr.
917 3317 933 3377 ἓ
949 3318 972 3366 7.
993 3318 1179 3382 4,19,1sqq.

136 3395 200 3446 cere
279 3382 380 3452 granffl
398 3396 523 3450 preemro
541 3380 680 3461 inpulsos]
699 3380 806 3436 adrem
823 3382 857 3436 of.
872 3380 948 3438 Ourt.
963 3386 1030 3448 512.
1050 3385 1110 3437 Arr.
1126 3389 1209 3452 4,18,
1225 3391 1249 3440 7.
1274 3385 1360 3454 paulo

190 3454 406 3579 991991991999
427 3451 544 3577 ‘tunore²
551 3451 684 3576 rflprrtlsa',
695 3453 885 3575 ειέιιαιιιοὶιιοω
905 3454 957 3507 hoo
977 3471 1089 3524 quoque
1106 3454 1170 3509 loco
1191 3455 1358 3524 ‘perpulsos'

188 3541 223 3578 ue
266 3542 295 3578 rn
316 3541 392 3578 usos
425 3539 530 3578 comecr
603 3538 692 3576 ruens
724 3541 761 3577 m.

278 3543 354 3666 pise]
374 3596 506 3664 Polyaeu.
526 3600 556 3661 4,
571 3599 601 3661 3,
616 3599 649 3648 29
669 3595 784 3648 κατόπιν
802 3599 853 3660 τῆς
869 3597 980 3664 πέτρας.
1000 3595 1071 3664 (Liv.
1090 3601 1132 3665 22,
1148 3603 1173 3664 4,
1188 3601 1204 3649 3
1225 3596 1361 3654 ‘Baliares

189 3668 254 3735 post
271 3669 380 3721 montes
394 3665 614 3734 circumduxit.)

136 3747 201 3800 9999
280 3738 358 3790 9119
378 3737 451 3790 saxis
470 3755 492 3791 9.
509 3754 535 3804 q.
552 3735 586 3833 s]
607 3734 681 3790 Ourt.
697 3737 714 3790 1.
731 3752 753 3791 ο.
774 3741 788 3801 5
806 3741 837 3790 13
858 3736 973 3792 ‘ferreos
992 3753 1094 3792 cuneos
1114 3754 1183 3806 quos
1201 3739 1275 3793 inter
1294 3757 1361 3794 saxa

190 3808 345 3875 defigerent
434 3807 573 3877 parebant
605 3811 633 3861 91
652 3810 716 3872 §15
737 3807 875 3887 ‘quidam
900 3824 962 3862 cum
982 3824 1084 3862 cuneos
1106 3808 1181 3863 iuter
1204 3825 1271 3863 sexa
1294 3810 1360 3865 defi·

190 3879 301 3947 gerent,
327 3877 430 3945 gradus
449 3877 610 3944 subdidere,
634 3877 696 3945 quis
716 3878 898 3932 insisterent’.
937 3883 996 3935 Arr.
1016 3883 1100 3947 4,19,
1118 3886 1130 3933 1
1150 3881 1303 3934 ructamus
1321 3899 1361 3947 μι-

191 3951 273 4016 κροὺε
292 3951 426 4017 ειδηροοε,
445 3949 533 4003 91εαὶ
552 3951 647 4015 ειιηναί
666 3950 892 4016 καταπεπήγεεαν
907 3951 1009 4016 αὐτοῖς,
1027 3951 1290 4020 παραικευάεαντεε,
1308 3958 1360 4006 τοῦ

190 4020 399 4087 καταπηγνύναι
417 4021 520 4073 αὐτοὺ(
538 4022 566 4074 ἔ(
583 4035 615 4074 τε
633 4022 685 4085 τὴν
703 4020 783 4085 χιόνα
802 4023 859 4073 κτλ.
879 4021 908 4074 91
927 4025 941 4083 §
957 4025 981 4072 2.

279 4089 413 4158 19939119
428 4090 517 4161 99199]
539 4092 582 4144 991
601 4088 704 4144 codicis
724 4090 871 4158 scriptura,
891 4105 963 4158 quae
977 4105 1076 4144 uereor
1089 4094 1121 4145 ut
1134 4091 1225 4160 possit
1239 4092 1360 4147 delendi.

190 4160 308 4216 fortasse
328 4163 421 4215 autem
441 4177 474 4214 ex
489 4161 652 4215 Schwartzii
671 4159 865 4216 emendatione
885 4159 1060 4215 scribendum
1079 4165 1122 4217 est
1142 4162 1278 4232 ‘singulos
1295 4179 1361 4217 999-

190 4233 255 4289 199’.
292 4231 355 4286 Xeil
374 4230 494 4286 coniecit
513 4230 635 4300 ‘augulis
653 4231 758 4286 rectis’.

280 4302 378 4373 lineas]
404 4301 557 4357 Curtio.
578 4306 641 4366 §lo
663 4301 792 4356 ‘adiectis
816 4301 922 4356 lunium
947 4303 1055 4373 laqueis
1079 4303 1216 4359 euasere’.
1253 4304 1314 4358 Δια.
1334 4310 1360 4373 4,

192 4381 262 4448 19,1
283 4376 401 4429 τούτου(
420 4373 498 4444 [τοὺς
515 4373 679 4442 παεεάλοοι]
698 4373 842 4427 καλωδίοις
861 4374 891 4427 ἐκ
910 4373 986 4429 livor
1006 4375 1123 4443 ἰεχνροῑ(
1143 4376 1312 4442 ἐκδήεαντεε.
