3014 4922
211 247 273 312 148
702 251 732 304 Ο.
749 251 884 319 Wagner:

211 409 239 463 iu
259 409 433 466 aedificanda
455 409 545 466 classe
570 412 715 467 amborum
739 411 832 466 studio
857 411 942 465 usus.²
981 413 1103 466 ceterum
1128 410 1213 465 etiam
1239 413 1327 482 paulo
1346 412 1390 468 in·

210 482 253 536 fre
271 482 429 536 Alexander
446 481 572 536 Taxilem
592 500 654 538 eum
672 481 744 538 Poro
763 481 959 536 reconciliasse
978 485 1114 536 narratur.

157 564 237 628 roasa
300 552 532 626 aedificarerunt]
552 555 586 609 cf.
606 571 677 622 quae
696 553 893 608 aduolauimus
912 554 947 606 ad
966 559 980 617 ξ
996 557 1029 607 39
1050 553 1212 622 ‘regnauit’.

300 623 430 696 offendit]
455 625 530 679 Curt.
546 631 571 691 9,
591 631 615 694 3,
636 630 669 678 22
696 625 783 678 ‘mille
808 624 927 693 nauigiis
954 624 1081 678 aditurus
1101 625 1262 680 Oceanum'
1303 626 1387 681 Diod.
1492 661 1493 712 3

211 701 253 764 17,
273 701 317 761 96,
345 700 430 762 6τῆς
453 697 483 750 δὲ
506 701 637 764 ναυτικῆς
659 701 832 764 παραςκευῆς
855 695 1070 763 ςυντελειθεῐςης
1095 699 1139 749 και
1166 697 1312 751 διακοςίων
1336 700 1387 764 μὲν

210 768 364 834 ἀφράκτων
382 769 602 836 ἡτοιμαςμένων,
627 767 797 822 ὀκτακοςίων
821 769 850 822 δὲ
874 769 1057 835 ὑπηρετικῶν.
1094 766 1197 835 Arne,
1218 775 1241 833 1,
1263 774 1286 822 1.
1306 769 1345 822 id.
1361 776 1386 837 6,

210 845 235 904 2,
250 844 268 890 4
286 840 321 904 ἡν
341 841 371 891 δὲ
389 840 423 892 τό
438 840 545 904 ξύμπαν
559 843 664 906 πλῆθος
682 844 741 893 τῶν
755 846 837 908 νεῶν,
856 841 894 892 ὡς
912 839 985 904 λέγει
998 841 1171 905 Πτολεμαῖος
1185 840 1201 892 ό
1216 839 1310 904 Λάγου
1322 882 1328 892 .
1341 881 1347 893 .
1362 881 1385 897 ..

209 910 402 976 τριακόντοροι
421 911 471 976 μὲν
490 911 518 964 ἐς
536 911 724 978 ὁγδοήκοντα,
750 912 786 964 τὰ
805 912 835 964 δὲ
854 910 946 963 πάντα
967 913 1050 963 πλοῖα
1068 912 1116 963 ςὺν
1135 916 1194 964 τοῖς
1212 910 1387 976 ἱππαγωγοῖς

210 997 241 1032 τε
261 983 304 1033 καί
324 981 482 1048 κερκούροις
501 984 545 1035 καὶ
562 984 611 1035 όςα
626 983 694 1035 ἄλλα
712 983 834 1047 ποτάμια
853 1021 858 1033 .
875 1022 881 1034 .
897 1023 924 1037 ..
945 981 978 1033 od
992 982 1063 1035 πολὺ
1085 982 1243 1035 ἀποδέοντα
1258 987 1318 1036 τῶν
1334 985 1386 1036 δις-
1493 994 1494 1034 ι

209 1050 312 1116 χιλίων.
354 1051 391 1106 id.
410 1051 470 1106 Ind.
491 1057 533 1121 19,
553 1059 567 1106 7
591 1053 651 1107 νέες
674 1055 705 1107 δὲ
728 1053 756 1106 αἰ
779 1054 912 1118 ςύμπαςαι
939 1054 1016 1120 αὐτῷ
1044 1051 1126 1118 χίλιαι
1154 1055 1198 1106 καί
1226 1054 1386 1108 ὁκτακόςιαι
1493 1057 1494 1062 ’

208 1123 285 1187 ῆςαν,
305 1123 335 1176 αἵ
352 1139 383 1176 τε
402 1125 502 1191 μακραὶ
522 1127 566 1176 καί
586 1125 808 1194 όςα,ςτρογγιἰλα
830 1127 913 1177 πλοῖα
931 1124 975 1176 καὶ
994 1124 1063 1178 dido
1085 1123 1233 1189 ἱππαγωγὰ
1251 1126 1297 1177 καὶ
1316 1123 1386 1179 ςιτῐα

210 1194 266 1259 ἅμα
283 1200 319 1262 τῇ
340 1201 451 1263 ςτρατιῇ
471 1195 593 1260 όγουςαι.

208 1334 259 1387 Id
297 1264 437 1337 porrarias]
468 1264 486 1320 i.
513 1283 536 1321 e.
562 1265 773 1332 frumentarias;
801 1268 861 1320 νέες
985 1264 1055 1319 cute
1181 1267 1296 1330 ἄγουςαι
1322 1266 1384 1320 Arr.

223 1355 239 1388 ιι
262 1341 326 1402 ,19,
347 1343 371 1391 7.

157 1418 236 1467 rosas
299 1407 372 1460 filius
395 1407 548 1461 Alexandri
567 1426 600 1464 ex
613 1407 741 1480 Roxane]
760 1407 893 1463 Roxanen
907 1407 1064 1463 Alexander
1079 1423 1144 1462 uere
1159 1407 1225 1462 anni
1243 1412 1296 1462 327
1316 1425 1385 1464 uxo-

209 1492 267 1530 rem
292 1479 409 1532 duxerat
431 1479 526 1548 (Nisae
550 1498 576 1547 p.
600 1481 727 1549 laisa),
752 1479 915 1548 Septembre
939 1482 1033 1534 autem
1059 1495 1151 1532 mense
1176 1479 1242 1532 anni
1265 1483 1318 1533 326
1344 1479 1384 1534 in-

209 1549 291 1601 eunte
321 1548 356 1601 ad
385 1548 546 1619 Hydaspem
574 1551 716 1619 profectus
744 1551 862 1604 classem
894 1550 1070 1604 aedificatam
1099 1548 1216 1604 inuenit.
1264 1558 1384 1619 apparet

209 1619 296 1686 igitur
310 1619 370 1673 fieri
384 1619 517 1690 potuisse,
536 1623 569 1676 ut
582 1620 742 1675 Alexander
760 1638 794 1676 ex
808 1621 921 1675 Roxane
940 1621 998 1676 iam
1017 1639 1133 1691 puerum
1154 1621 1306 1675 sustulerit.
1336 1621 1384 1690 qui

208 1693 303 1743 tamen
327 1708 397 1759 puer
419 1707 557 1758 nusquam
582 1691 652 1745 alibi
676 1691 887 1747 commemorari
910 1691 1032 1762 uidetur,
1060 1693 1145 1746 immo
1166 1693 1201 1745 ud
1220 1692 1383 1762 Hydaspem
1406 1731 1411 1744 .
1495 1728 1496 1750 l

209 1761 316 1814 Coenus
335 1763 461 1817 mortuus
481 1778 541 1818 esse
565 1763 667 1818 dicitur
692 1764 763 1832 (Arr.
779 1770 804 1830 6,
823 1769 848 1830 2,
870 1770 898 1828 13
922 1763 998 1819 Gurt.
1014 1769 1038 1829 9,
1058 1770 1082 1831 3,
1102 1769 1137 1816 26
1162 1762 1223 1817 ‘ibi’
1245 1763 1296 1834 [ad
1316 1768 1383 1818 Aee·

208 1832 306 1900 sinem,
326 1832 360 1887 cf.
380 1833 493 1888 lienium
512 1853 538 1903 p.
555 1839 589 1889 64
608 1836 665 1889 not.
682 1839 709 1906 7]
731 1835 814 1888 ‘forte
835 1833 941 1888 Coenus
961 1835 1058 1888 morbo
1077 1835 1216 1890 extinctus
1235 1835 1310 1903 est’).

156 1915 201 1965 ιω,
209 1914 243 2027 251
298 1921 327 1957 re
347 1903 456 1976 diuina]
476 1906 510 1961 cf.
530 1906 566 1960 ad
581 1911 596 1972 6
611 1913 645 1960 69
666 1908 694 1960 et
708 1906 745 1959 ad
763 1921 822 1960 rem
835 1904 897 1960 Arr.
913 1913 938 1973 6,
957 1911 982 1973 3,
1002 1911 1068 1974 lsq.
1087 1905 1147 1960 Ind.
1164 1911 1205 1972 13,
1226 1910 1267 1959 11.
1286 1904 1382 1961 Itiner.

246 1992 286 2030 ex.
327 1982 382 2031 ,27
412 1981 467 2030 176
490 2019 498 2030 ,,

156 2058 235 2108 roasa
298 1994 326 2100 iii
346 1995 610 2120 grisiamqreduxit]
629 2048 703 2103 (luri.
719 2055 743 2118 9,
759 2057 784 2116 3,
799 2055 833 2102 22
860 2047 1014 2102 ‘discordes
1033 2047 1062 2101 et
1080 2050 1177 2101 uetera
1195 2046 1261 2103 odia
1279 2052 1383 2103 retrac-

207 2117 301 2171 tantes
319 2119 422 2173 Porum
442 2120 471 2173 et
490 2119 616 2187 Taxilen,
636 2120 732 2174 Indiae
751 2137 840 2190 reges,
863 2120 991 2172 firmatae
1010 2135 1059 2188 per
1078 2118 1254 2172 adfinitatem
1272 2119 1382 2188 gratiae

207 2187 343 2255 relinquit
360 2188 390 2242 in
409 2190 466 2244 suis
484 2191 598 2259 regnis?

154 2271 234 2321 rosas
297 2257 424 2332 flumine]
445 2260 520 2315 curt.
540 2267 564 2324 9,
584 2266 609 2327 3,
629 2266 664 2313 24
688 2261 821 2314 ‘seeundo
845 2277 926 2314 amne
955 2261 1002 2331 [=
1022 2260 1151 2331 Acesine]
1177 2260 1319 2329 defluxit',
1348 2261 1383 2315 cf.

206 2328 319 2383 Leaium
337 2347 365 2398 p.
381 2333 415 2384 54
433 2333 490 2385 not.
507 2339 530 2384 1.

297 2400 333 2454 ad
353 2401 531 2473 Eleumeaen]
551 2417 652 2456 nomen
671 2401 768 2472 oppidi
786 2403 907 2456 fortasse
926 2403 1096 2472 corruptum.
1134 2403 1169 2457 of.
1188 2401 1264 2456 Cart.
1280 2407 1305 2471 9,
1326 2407 1381 2471 4,1

209 2473 387 2540 ‘peruentum
405 2475 467 2528 erat
484 2473 515 2526 in
537 2474 693 2543 regionem,
716 2473 745 2527 in
765 2490 821 2540 qna
839 2473 986 2543 Hydaspes
1012 2473 1101 2528 amnis
1121 2471 1235 2527 Acesini
1254 2473 1383 2528 commit

207 2544 297 2597 litur.’
335 2543 373 2598 id.
393 2551 438 2610 §4
460 2545 536 2598 ‘hinc
555 2547 718 2599 excensione
737 2545 835 2598 facta’
874 2544 953 2597 Diod.
972 2549 1013 2609 17,
1034 2549 1075 2611 96,
1096 2549 1110 2597 1
1131 2547 1169 2598 ὡς
1188 2546 1213 2598 δ’
1231 2546 1319 2610 ἦλθον
1339 2546 1382 2599 ἐπὶ

207 2618 259 2682 τὴν
279 2615 417 2670 Ἀκεςίνοιι
437 2619 481 2672 καί
502 2618 639 2671 Ὑδάςποιι
659 2620 796 2684 ςυμβολήν
816 2617 956 2682 ἐκβιβάςαε
973 2618 1040 2670 τοὺς
1059 2616 1229 2682 ςτρατιώτας
1246 2619 1305 2669 κτλ.

155 2698 234 2748 rosas
298 2685 411 2740 interim
425 2688 556 2742 Indorum
575 2688 748 2758 philosophi]
773 2705 806 2741 ea
826 2703 897 2756 qnae
921 2689 1052 2740 secuntur
1079 2685 1137 2739 iam
1155 2685 1231 2754 apud
1244 2684 1383 2740 Adlerum

207 2757 259 2881 ldl.
277 2776 305 2828 p.
321 2764 356 2812 40
375 2763 403 2813 et
423 2759 577 2813 Pridilrium
597 2779 624 2829 p.
642 2764 691 2814 162
702 2776 743 2826 sq.
763 2758 952 2825 inueniuntur,
972 2757 1006 2812 cf.
1023 2773 1095 2825 quae
1113 2756 1150 2810 ad
1165 2762 1180 2822 ξ
1195 2761 1228 2812 66
1249 2755 1284 2810 de
1305 2775 1339 2812 ea
1353 2773 1382 2812 re

206 2828 349 2884 anotaui.

154 2913 200 2962 107,
208 2913 233 2953 30
297 2901 347 2970 qui
480 2900 659 2972 habitabant]
689 2902 751 2957 loco
779 2898 920 2956 enuntiati
946 2898 1061 2954 relatiui
1088 2898 1173 2952 etiam
1201 2898 1382 2969 participium

208 2971 386 3027 coniunctum
406 2972 535 3027 adhiberi
554 2973 656 3042 possit:
682 2973 721 3026 ‘in
740 2973 784 3027 his
805 2971 967 3042 regionibus
986 2969 1158 3025 habitantes'
1178 2969 1283 3039 itaque,
1307 2971 1383 3038 quod

209 3041 344 3110 sequitur,
359 3044 535 3098 enuntiatum
551 3045 704 3099 relatiuam
717 3045 755 3111 id,
771 3045 846 3113 quod
860 3042 1012 3112 praecedit,
1031 3041 1170 3110 particula
1185 3041 1261 3108 ‘que’
1277 3042 1383 3096 omissa

208 3112 320 3181 exeipit,
339 3117 371 3167 ut
390 3116 510 3183 saepius.
547 3117 581 3170 cf.
603 3117 678 3171 Caes.
699 3116 725 3170 b.
745 3133 771 3184 g.
788 3121 812 3183 1,
833 3120 857 3184 1,
875 3119 893 3167 4
918 3113 1048 3182 ‘proximi
1072 3113 1138 3166 sunt
1162 3111 1290 3181 (Belgae)
1315 3113 1382 3168 Ger-

207 3184 365 3307 maniIquui
383 3187 460 3239 tram
484 3185 613 3239 Rbenum
636 3186 770 3254 incolunt,
800 3185 974 3253 quibuscum'
996 3186 1058 3251 etc,
1078 3183 1111 3238 cf.
1133 3183 1167 3236 de
1186 3198 1220 3237 ea
1239 3199 1268 3237 re
1288 3183 1382 3238 Kush-

206 3271 264 3310 ner.
319 3261 335 3308 2
375 3260 472 3309 ests
494 3297 500 3308 .

155 3339 232 3389 1or,sr
296 3273 442 3397 sarcirent]
463 3274 539 3380 iiiem
557 3326 677 3380 coniecit
696 3323 740 3380 W.
760 3325 889 3380 Foerster
908 3327 982 3395 apud
1001 3325 1144 3381 Adlerum.

296 3398 407 3452 litteras
426 3397 479 3453 boc
500 3394 640 3467 exemplo]
660 3397 751 3453 α1.66.
789 3398 824 3450 de
842 3396 945 3451 litteris
960 3414 1032 3465 quae
1047 3400 1178 3452 secuntur
1193 3395 1292 3450 Pridik
1311 3397 1381 3451 haec

207 3469 327 3537 protulit
350 3470 379 3535 (l.
399 3487 422 3523 c.
446 3487 473 3539 p.
496 3471 570 3536 162):
598 3486 650 3536 „ex
673 3468 782 3522 duabus
807 3468 864 3522 illis
891 3467 1021 3538 epistulis
1050 3467 1139 3522 altera
1161 3467 1234 3521 nihil
1258 3472 1301 3521 est
1326 3469 1383 3521 nisi

207 3540 308 3595 Latine
327 3539 438 3595 reddita
457 3539 594 3610 epistula,
637 3556 700 3593 uam
720 3536 855 3594 Calenum
874 3539 1019 3608 scripsisse
1040 3538 1131 3592 tradit
1148 3538 1256 3593 Philo.“
1297 3539 1382 3594 huius

209 3610 334 3666 Philonis
353 3611 409 3666 loci
428 3611 560 3666 notitiam
576 3558 700 3664 Priiikio
721 3611 817 3667 debeo.
854 3609 958 3665 Exstat
971 3609 1058 3679 igitur
1076 3609 1127 3664 illa
1141 3609 1240 3665 Caleni
1259 3610 1382 3678 epistula

206 3683 281 3804 iimd
306 3682 415 3737 Philon.
448 3683 522 3752 quod
550 3700 622 3737 omn.
651 3683 729 3751 prob.
758 3681 830 3736 liber
858 3687 926 3747 §14
954 3700 981 3750 p.
1001 3685 1053 3735 879
1080 3681 1146 3750 (uol.
1165 3681 1192 3735 V
1214 3700 1240 3750 p.
1260 3686 1313 3736 239
1338 3681 1380 3736 ed.

232 3753 340 3822 ichter).

157 3845 235 3894 masa
299 3833 458 3906 Macedoni]
476 3834 612 3905 praebent
631 3832 715 3888 etiam
735 3834 820 3888 Adler
839 3835 868 3887 et
887 3831 992 3888 Pridik.

297 3914 424 3969 auditum
448 3917 491 3970 est
514 3916 542 3968 te
568 3914 603 3967 ab
628 3912 725 3967 amicis
748 3911 857 3985 induci]
877 3915 911 3968 et.
931 3913 1040 3968 Philon.
1060 3914 1078 3967 l.
1099 3929 1134 3966 e:
1159 3912 1235 3981 φίλοι
1260 3912 1381 3968 πείθονςι

207 3991 299 4110 χεῖρα(
317 3988 361 4038 καὶ
380 3987 504 4054 ἀνάγκην
528 3986 693 4054 προςφέρειν
709 3986 800 4039 Ἰνδῶν
818 3986 988 4053 φιλοςόφοις,
1008 3986 1070 4040 οὐδ’
1083 3986 1113 4039 ἐν
1127 3986 1206 4053 ὕπνῳ
1226 3986 1382 4051 ἑωρακότες

134 4074 142 4082 ·
206 4061 244 4123 ἡμ
259 4073 326 4124 τερα
344 4059 420 4124 ἔργα.

155 4149 234 4200 rosas
296 4138 408 4192 nostrae
428 4137 526 4192 modus
545 4137 633 4210 uitae]
654 4137 672 4192 i.
691 4153 715 4192 e.
734 4152 831 4206 genus.
869 4136 904 4190 cf.
924 4133 980 4190 Cic.
1000 4133 1080 4190 Ture.
1100 4134 1171 4206 disp.
1187 4140 1213 4203 6,
1232 4140 1274 4202 23,
1294 4141 1338 4191 66.

296 4233 331 4272 ne
350 4217 381 4271 in
399 4235 527 4272 somnum
545 4218 658 4288 quidem
676 4216 765 4289 uenit]
785 4216 820 4273 ct.
838 4215 935 4271 Krebs.
958 4214 1184 4270 ‘Antibarbarus’
1200 4214 1227 4267 ll
1244 4233 1271 4284 p.
1287 4220 1339 4270 636
1359 4234 1383 4270 s.

180 4293 184 4301 “
208 4307 234 4344 ιι.
256 4289 416 4344 ‘somnium’
444 4289 575 4358 locosque
598 4289 639 4344 ibi
662 4288 771 4344 allatos.
816 4287 854 4342 ‘in
879 4304 1006 4342 somnum
1025 4286 1131 4341 uenire’
1160 4286 1263 4341 dicitur
1281 4291 1313 4341 ut
1333 4287 1381 4340 ‘ad

210 4377 290 4415 aures
309 4360 425 4415 uenire’.
463 4360 498 4416 of.
517 4365 663 4428 praeterea
683 4360 755 4412 Plut.
776 4357 854 4412 Alex.
869 4363 947 4426 47,1
975 4359 1064 4424 λέγων
1083 4361 1122 4413 ὼς
1139 4363 1191 4412 νον
1209 4359 1259 4424 μὲν
1278 4359 1382 4413 αὐτοὺς

210 4435 338 4488 ἐνύπνιον
356 4437 414 4488 τῶν
434 4434 581 4500 βαρβάρων
599 4432 733 4499 ὁρώντων
752 4432 782 4484 et
796 4427 904 4483 Philon.
918 4429 937 4484 1.
953 4446 976 4486 c.
996 4431 1056 4485 οὐδ’
1074 4431 1105 4484 ἐν
1122 4431 1201 4499 ὕπνῳ
1216 4430 1380 4497 ἑωρακότες.
