3014 4922
170 301 326 358 Alexandri
342 301 438 371 Magni
453 300 613 357 Macedonis
628 298 768 371 epitomae
782 317 872 355 rerum
887 301 1029 369 gestarum
1044 297 1116 354 liber
1129 300 1164 354 ll.
1208 299 1268 361 101

98 471 258 550 perierunt
276 463 279 552 1
294 471 476 547 consumpt13
494 473 651 548 praeterea
669 469 766 545 multi,
785 469 838 545 qui
856 470 910 528 aut
928 467 1060 544 corporis
1080 467 1181 528 dolore
1199 482 1321 541 ]s01.109³

97 565 153 622 aut
170 561 273 638 aliqua
291 563 378 636 parte
396 560 599 621 membrorum
618 558 768 619 debilitati
783 560 892 634 essent,
912 556 944 616 in
962 559 1061 616 castra
1078 558 1270 616 reuerteban-

94 655 153 711 tur.
192 649 299 709 deinde
318 648 378 709 iter
396 651 535 726 coeptum
559 650 594 708 ad
615 645 795 723 †Gaesetas
813 665 1008 724 perseuerare
1027 646 1165 706 intendit.
1201 647 1270 705 huic
1287 649 1325 703 28

95 743 126 798 in
145 739 254 799 itinere
273 742 410 814 satrapes
430 738 552 815 quidam
571 737 732 797 Chorienes
754 735 873 796 obuiam
897 735 989 795 uenit.
1033 753 1100 794 cum
1119 753 1154 794 eo
1173 735 1272 794 amici-

96 827 171 888 tiam
190 826 270 887 lecit.
312 827 398 903 isque
417 845 485 886 cum
505 826 707 886 Alexandrum
731 825 860 902 hospitio
883 824 965 900 apud
988 841 1020 882 se
1046 823 1218 900 accepisset,
1241 824 1273 882 in
1313 839 1325 878 5

95 916 270 977 conuiuium
288 915 365 976 libas
381 916 455 975 duas
471 916 604 993 uirgines
619 909 730 992 (cum)
749 913 856 973 ceteris
876 913 1041 972 amicorum
1059 911 1129 971 filiis
1148 912 1272 988 uirgini-

94 1007 151 1066 bus
170 1005 315 1065 saltatum
334 1004 507 1065 introduxit
543 1005 575 1063 in
599 1005 645 1063 his
668 1003 727 1063 fuit·
746 1001 886 1080 Oxyatris
912 1001 974 1060 filia
992 1001 1113 1060 Roxane
1132 1002 1269 1061 omnibus
1287 1004 1325 1058 29

96 1093 329 1168 formosissima,
348 1094 432 1153 cuius
452 1096 575 1170 aspectu
594 1095 699 1170 captus
713 1091 884 1150 Alexander
901 1091 932 1149 in
951 1089 1147 1166 cupiditatem
1166 1090 1273 1150 adduc-

95 1189 145 1244 tus
165 1184 222 1243 est.
259 1184 325 1240 tum
345 1183 508 1259 quaesiuit,
536 1182 602 1258 quis
622 1201 657 1241 ea
676 1184 730 1241 aut
748 1181 832 1240 cuius
851 1179 913 1238 filia
932 1181 1020 1238 esset.
1056 1172 1272 1257 <inueniebat>

96 1261 255 1348 Oxybtris,
281 1272 346 1330 eins
372 1271 424 1348 qui
449 1270 559 1331 ibidem
586 1271 724 1347 cenabat,
750 1288 823 1329 esse.
863 1272 930 1327 tum
952 1267 1092 1343 poculum
1114 1268 1273 1342 prehendit
1301 1284 1327 1322 ro

97 1360 230 1438 deosque
248 1363 446 1436 conprecatns
465 1361 537 1420 baec
556 1360 654 1419 dicere
674 1359 783 1435 coepit:
807 1358 904 1416 multa
922 1355 1026 1416 multis
1049 1356 1272 1432 insperantibus

96 1449 255 1527 obtingere
274 1449 384 1526 solere;
408 1449 520 1509 multos
538 1467 625 1527 reges
644 1467 681 1507 ex
699 1446 827 1524 captiuis
844 1448 1016 1522 procreatas
1036 1445 1114 1504 filias
1138 1463 1208 1504 suas
1233 1447 1270 1504 ad
1287 1449 1326 1504 30

96 1543 215 1598 exteras
243 1539 350 1615 gentes
378 1540 505 1614 nuptum
532 1538 648 1598 misisse
672 1541 702 1596 et
729 1537 774 1596 ita
801 1533 1067 1596 communicatione
1093 1534 1174 1593 facta
1201 1533 1273 1593 ami·

95 1627 182 1686 citias
204 1626 349 1685 firmasse.
367 1617 378 1708 ]]
399 1620 515 1702 ‘quare'
538 1627 638 1704 inquit
660 1620 768 1703 ‘neque
782 1625 958 1684 Macedones
972 1623 1058 1682 uobis
1074 1641 1183 1698 genere
1202 1638 1322 1696 flrol.109¹

95 1717 252 1776 antestare
274 1733 371 1790 nequo
389 1735 453 1794 uos,
478 1716 504 1775 si
522 1716 595 1776 uicti
618 1716 650 1774 in
673 1715 836 1774 amicitiam
855 1713 1027 1788 uenissetia,
1052 1711 1207 1772 adfinitate
1230 1712 1273 1770 in·
1303 1733 1328 1773 rs

97 1803 205 1880 dignos
225 1802 373 1863 ducerem.
410 1805 465 1864 hoc
484 1822 550 1863 cum
570 1823 634 1882 ego,
652 1805 732 1864 idem
752 1822 869 1880 quoque
888 1805 923 1861 ut
941 1801 1033 1862 ceteri
1051 1801 1164 1860 faciant
1177 1801 1274 1860 Mace-

97 1887 342 1953 concremabo?
386 1893 433 1952 his
457 1893 559 1953 uerbis
583 1895 695 1954 amicos
719 1892 933 1953 cohortabatur
957 1893 987 1950 et
1011 1889 1069 1949 sibi
1094 1889 1219 1965 quisque
1241 1890 1271 1948 in
1289 1894 1324 1948 31

97 1981 236 2042 conuiuio
265 1981 414 2058 uirginem
436 1983 626 2042 matrimonio
650 1983 784 2042 iunctam
812 1980 943 2040 abduxit.
981 1979 1060 2056 quod
1083 1979 1197 2037 factum
1216 1976 1274 2037 Ox·

96 2073 200 2146 yatree
219 2070 371 2147 ceterique
389 2070 512 2130 barbari
530 2091 638 2148 magno
659 2090 748 2147 opere
766 2071 865 2147 ganisi
889 2071 967 2129 sunt.
1003 2067 1050 2127 his
1069 2067 1158 2126 rebus
1178 2067 1272 2144 gestis
1290 2073 1327 2127 32

96 2158 270 2219 Alexander
293 2159 324 2218 in
348 2177 454 2237 agrum
477 2158 653 2236 †Beionem
678 2160 830 2236 profectus
854 2160 908 2217 est.
954 2159 1053 2217 castra
1075 2156 1222 2232 praeterit
1245 2159 1275 2216 et
1302 2175 1329 2213 ao

98 2247 271 2324 †Oxuram
290 2248 401 2307 flumen
419 2249 539 2308 transit.
576 2249 682 2308 deinde
702 2248 801 2308 stadia
819 2247 902 2305 XXX
926 2266 980 2323 per
998 2247 1065 2306 loca
1083 2245 1147 2305 sola
1166 2245 1277 2306 exerei-

98 2343 165 2396 tum
183 2336 366 2410 transduxit,
390 2340 426 2396 ut
444 2337 560 2396 Indiam
579 2356 686 2397 uersus
706 2338 764 2396 iter
782 2337 902 2396 iaceret.
943 2335 1083 2411 peruenit
1105 2330 1274 2414 †Drapim.

100 2424 171 2484 huic
188 2442 243 2483 rex
266 2419 413 2503 †Arr'nes
432 2443 500 2485 cum
518 2425 622 2486 liberis
641 2425 829 2503 maximoque
855 2427 1024 2484 commeatu
1042 2423 1164 2483 obuiam
1183 2423 1275 2495 uenit,

97 2533 188 2589 quem
212 2513 359 2572 exercitui
386 2514 503 2591 diuisit,
536 2515 651 2591 ipsique
675 2514 847 2574 Alexandro
876 2513 1035 2589 plurimam
1062 2514 1180 2572 uestem
1210 2515 1275 2572 bar-

97 2602 233 2661 baricam
252 2605 284 2661 et
302 2620 449 2677 equorum
472 2604 531 2662 tria
553 2603 638 2663 milia
661 2606 692 2663 et
716 2603 835 2678 argenti
853 2603 1001 2662 talentum
1020 2601 1044 2658 L
1068 2600 1152 2659 milia
1171 2599 1275 2676 adpor-
1303 2619 1330 2660 ss

97 2692 185 2750 lauit.
219 2709 288 2749 cum
306 2691 345 2749 ab
364 2710 398 2750 eo
417 2696 576 2766 quaereret
590 2692 769 2768 Alexander,
789 2692 859 2769 quid
877 2683 886 2770 Ἡ
904 2691 1009 2764 uellet,
1028 2689 1120 2749 Indus
1139 2695 1326 2752 re·ll101110⁸

97 2779 233 2854 spondit:
261 2773 370 2838 ‘tuam'
404 2780 502 2857 inquit
530 2775 650 2860 ‘magne
677 2800 729 2840 rex
760 2774 943 2840 amicitiam?
988 2778 1158 2837 Alexander
1186 2777 1273 2837 dixit:
1290 2752 1329 2807 33

98 2861 210 2944 ‘pater’
236 2867 335 2944 inquit
358 2861 472 2928 ‘uester
495 2870 623 2930 moriens
647 2871 723 2929 hanc
746 2869 904 2944 pecuniam
927 2868 1053 2926 tradidit
1076 2885 1202 2942 eamque
1221 2886 1276 2943 ego

101 2955 190 3016 uobis
210 2954 353 3015 condono.
387 2957 471 3034 equis
485 2958 517 3016 in
531 2958 612 3018 bello
627 2961 704 3018 utar.
735 2977 791 3017 uos
805 2959 901 3016 nostri
915 2955 1125 3032 memineritis;
1145 2955 1276 3015 officium

98 3044 154 3104 hoc
178 3043 238 3104 erit
262 3040 416 3105 nestum?
459 3047 527 3106 hinc
545 3065 723 3126 progressus
750 3045 834 3123 †per
857 3045 985 3118 Pbuten‚
1013 3044 1092 3121 quod
1120 3044 1207 3104 abest
1234 3044 1271 3103 ab
1291 3054 1330 3109 34

97 3132 185 3192 India
204 3132 320 3192 dicrum
330 3133 421 3194 VIIII
434 3136 494 3197 uia.
522 3139 586 3195 tum
606 3137 637 3195 id
657 3137 697 3212 hi,
716 3135 767 3211 qui
785 3138 869 3195 trans
888 3135 997 3194 flumen
1016 3132 1203 3207 habitabant,
1223 3134 1275 3193 ubi
1304 3156 1328 3195 ar

98 3222 205 3281 uident
218 3220 425 3282 Alexandrum
439 3224 607 3300 aduenisse,
626 3224 726 3302 ganisi
739 3226 818 3283 sunt
851 3225 981 3300 primum
995 3223 1077 3281 Iouis
1092 3221 1186 3280 filium
1198 3265 1276 3283 .....

97 3310 231 3370 alterum
259 3309 431 3386 Herculem,
463 3313 587 3372 tertium
615 3313 820 3373 Alexandrum
848 3312 967 3372 uenisse
997 3311 1276 3372 commemorabant.

97 3400 127 3458 id
147 3417 200 3458 rex
219 3398 345 3477 gauisus
365 3400 487 3460 firmium
508 3402 618 3462 transit
636 3405 667 3462 et
687 3401 810 3461 ducibus
835 3401 962 3476 sumptis
983 3401 1020 3459 ad
1040 3399 1150 3458 flumen
1168 3398 1276 3457 Indum

98 3487 246 3563 peruenit.
280 3486 321 3545 ibi
335 3507 429 3550 naues
443 3491 600 3550 aedificare
614 3491 704 3551 iussit
718 3491 939 3566 exercitumque
954 3487 1182 3564 transportauit.
1209 3487 1274 3563 ipse
1292 3493 1330 3548 35

99 3595 166 3635 cum
186 3576 324 3651 equitatu
344 3581 375 3637 et
392 3579 453 3638 leui
472 3583 627 3640 armatura
646 3579 807 3640 secundum
825 3579 935 3637 flumen
953 3577 1127 3650 antecessit;
1152 3574 1276 3635 Cratero
1304 3595 1331 3633 sc

101 3683 169 3724 curn
190 3663 308 3740 reliqna
325 3668 411 3742 copia
429 3670 464 3727 ut
477 3673 654 3745 sequeretur
668 3668 837 3744 imperauit.
874 3665 981 3727 deinde
1001 3667 1038 3725 ad
1053 3665 1196 3740 oppidum
1216 3665 1276 3741 pri·

187 3903 388 3980 acheriana]
414 3907 542 3964 norimus
633 3908 762 3980 bisque]
786 3907 816 3963 in
834 3925 888 3964 ras.
983 3903 1122 3988 6<euru>
1145 3905 1243 3960 addidi

99 3975 283 4058 ltxaltatum]
308 3977 460 4033 salutatam
482 3980 486 4048 Ι
508 3977 624 4035 oxiatris
710 3977 1068 4075 9<inaeniebat>add1di
1148 3983 1181 4032 10
1200 3979 1278 4032 oxia-

98 4051 147 4103 txrs
163 4048 168 4120 Ι
186 4046 298 4144 qu1]ex
314 4047 409 4117 ‘quae’
426 4067 495 4105 corr.
511 4067 552 4118 pr.
563 4070 599 4107 m.
670 4057 701 4104 11
718 4050 913 4122 conpreoatus]
941 4048 1135 4120 conprecatos’
1153 4066 1186 4102 ex
1201 4047 1277 4104 ‘con-

98 4119 230 4189 precatns
265 4135 334 4174 corr.
356 4138 397 4201 pr.
419 4139 455 4176 m.
478 4121 541 4192 (sic)
565 4123 571 4192 Ι
595 4119 815 4192 insperantibus]
839 4120 1029 4190 sperantibus3
1058 4136 1127 4175 corr.
1146 4117 1275 4174 Reitzen-

98 4190 172 4244 stein
242 4193 275 4243 12
295 4191 413 4260 captiuis
446 4193 576 4262 captuis]
600 4193 762 4262 procreatos
835 4197 868 4246 13
889 4191 977 4248 lactas
1051 4195 1083 4244 14
1103 4189 1205 4259 neque]
1227 4207 1276 4244 no·

98 4275 273 4330 quaesoque
328 4266 362 4316 le
376 4264 409 4316 ut
435 4263 514 4318 utut
575 4269 607 4318 11
623 4263 664 4334 et]
681 4263 722 4316 uti
738 4265 742 4332 Ι
759 4262 890 4334 quisque]
906 4263 1009 4332 quique
1075 4265 1107 4314 18
1122 4260 1246 4314 oxiatres

98 4339 131 4388 22
146 4331 319 4404 transduxit]
339 4349 372 4388 ex
392 4333 574 4390 ‘uancduxit’
596 4350 666 4389 corr.
685 4351 726 4404 pr.
745 4350 782 4388 m.
855 4340 888 4388 23
908 4333 969 4404 rex]
988 4349 1054 4388 raex
1076 4333 1081 4398 1
1105 4329 1276 4402 commeatu]

100 4403 238 4460 comitatu
310 4408 346 4459 14
363 4404 431 4478 ipsi]
450 4405 524 4475 ipse;
543 4422 612 4461 corr.
627 4403 816 4460 Reimenmein
890 4409 924 4459 ab
944 4403 1051 4459 alente
1122 4405 1157 4456 28
1176 4396 1240 4454 idua

98 4481 129 4530 11
150 4475 198 4532 nia
213 4504 219 4518 ·
235 4475 296 4530 tum
314 4474 343 4530 id
362 4476 405 4548 hi]
424 4475 531 4532 niatum
548 4505 554 4518 ·
570 4481 599 4532 et
617 4476 647 4532 bi
719 4479 753 4532 82
772 4473 901 4532 lacunam
922 4473 1009 4530 nutui
