3014 4922
351 1198 606 1277 Alexandri
633 1199 791 1296 Magni
819 1199 1076 1274 Macedonis

494 1343 644 1418 epitomae
662 1363 764 1402 rerum
782 1347 935 1420 gestarum

640 1479 723 1544 liber
745 1477 788 1544 Π.

93 1704 97 1710 ·
213 1681 343 1756 Magnus
362 1681 533 1740 Alexander
555 1697 608 1738 rex
629 1679 820 1739 Macedoniae
841 1682 1000 1757 postquam
1022 1699 1109 1741 omne
1134 1680 1226 1755 impe·
1252 1669 1353 1716 ΜΝ

124 1770 202 1828 rium
217 1768 308 1829 Asiae
323 1769 408 1829 adse
422 1768 574 1848 redeffl‘sss
589 1767 723 1842 credidit,
738 1811 812 1829 ......
826 1787 923 1845 neque
937 1769 967 1827 id
982 1768 1103 1843 quidem
1116 1768 1209 1828 Dario
1224 1770 1296 1830 uiuo
1334 1727 1349 1781 ¹

123 1859 282 1918 ostendere
301 1877 391 1918 ausus
411 1862 505 1934 esset,
528 1861 633 1934 postea
651 1857 793 1933 patefecit
812 1859 1009 1917 uoluntatem.
1037 1856 1144 1916 deindo
1163 1859 1298 1934 corporis
1333 1864 1351 1918 2

126 1947 173 2006 sui
187 1947 327 2008 custodes
342 1947 452 2007 multos
467 1946 601 2006 instituit
614 1945 746 2021 itemque
754 1945 839 2005 Darii
854 1947 979 2005 fratrem
989 1942 1152 2022 Oxyatrem
1165 1946 1298 2006 instituit
1340 1966 1352 2004 r

124 2035 268 2111 deditque
291 2036 334 2095 eis
358 2081 542 2096 .........
566 2035 704 2094 diadema
729 2037 761 2093 et
785 2033 917 2094 tunicam
940 2035 1128 2095 mesoleucon
1154 2037 1185 2093 et
1210 2035 1298 2093 oadu-

124 2143 210 2184 oeum
228 2118 304 2202 <et>
322 2142 424 2184 zonam
443 2123 594 2184 Persicam
613 2126 770 2200 ceteraque
792 2126 967 2182 ornamenta
985 2124 1070 2200 regia
1087 2123 1196 2201 omnis,
1219 2141 1296 2201 quas

123 2212 420 2290 Dariushabuerat,
448 2213 581 2289 itemque
604 2213 721 2288 equites
749 2213 911 2289 stipatores
941 2230 1015 2288 quos
1048 2211 1179 2272 hebetat
1207 2203 1216 2292 ll
1243 2225 1347 2274 sorios·

125 2301 244 2360 Persico
263 2304 371 2361 ornatu
395 2298 453 2378 [et]
477 2302 563 2377 sequi
586 2301 683 2361 iussit
725 2301 831 2360 deinde
850 2300 1019 2360 Alexander
1042 2301 1160 2359 audiuit
1183 2301 1295 2360 Besum
1332 2283 1351 2338 ⁸

125 2393 241 2450 uestem
268 2389 383 2466 regiam
411 2389 583 2467 sumpsisse.
630 2390 779 2466 Agrianos
808 2392 839 2448 et
866 2387 1040 2466 'silebisios
1069 2388 1180 2448 armari
1207 2389 1297 2449 iussit
1324 2410 1351 2449 is

124 2477 249 2554 eiusque
268 2478 475 2539 confidentiam
490 2478 658 2538 admiratus
672 2479 835 2538 exercitum
848 2497 903 2554 per
917 2480 1043 2550 montes,
1056 2496 1116 2553 qna
1130 2477 1296 2552 proximum

124 2567 255 2644 putauit
273 2567 311 2626 ad
329 2586 397 2626 eum
416 2567 523 2627 ducere
542 2567 679 2627 intendit
712 2567 834 2626 deuenit
847 2566 885 2626 ad
901 2565 999 2643 Arios,
1018 2565 1072 2625 ubi
1090 2569 1156 2625 erat
1169 2566 1296 2625 Arioba-

124 2673 220 2731 zanes‚
241 2656 292 2732 qui
311 2675 379 2715 oum
392 2656 469 2716 Beso
483 2656 610 2715 Darium
627 2656 829 2716 interiecerat.
865 2654 1027 2714 aduemum
1047 2655 1209 2714 Alexandri
1228 2673 1296 2730 per·
1325 2675 1350 2716 15

124 2743 227 2803 timuit
254 2747 344 2820 atque
367 2744 398 2803 in
421 2744 539 2804 Indiam
561 2746 703 2823 profugit
749 2745 856 2803 deinde
880 2743 1049 2804 Alexander
1072 2744 1234 2802 exercitum
1258 2744 1296 2802 ad
1331 2742 1350 2798 4

124 2832 307 2910 Euergetas,
336 2833 388 2909 qui
417 2836 507 2894 antea
531 2832 685 2909 Arimaspi
710 2833 904 2910 uocabantur,
932 2832 1026 2891 duxit.
1075 2831 1118 2890 ibi
1145 2831 1296 2908 oppidum,

125 2940 185 2998 qua
202 2922 234 2980 in
252 2921 369 2981 Indiam
387 2922 447 2982 iter
465 2924 524 2997 est,
548 2923 705 2982 constituit
727 2925 759 2981 st
781 2939 888 2980 nomen
907 2919 1119 2980 Alexandriam
1144 2919 1296 2996 imposuit.

125 3009 231 3070 deinde
258 3011 397 3086 peruenit
422 3011 460 3070 ad
486 3010 626 3087 oppidum
652 3010 904 3088 'sturmantidem
927 3009 1004 3086 quod
1029 3012 1076 3068 est
1103 3009 1236 3085 posttum
1265 3007 1296 3067 in
1324 3029 1350 3068 is

124 3097 245 3158 flumine
260 3098 449 3176 'medorum
479 3098 697 3176 Stiphamenes,
715 3099 767 3175 qui
780 3098 933 3175 proximus
952 3101 1018 3157 erat
1031 3097 1118 3174 Beso,
1136 3101 1296 3174 postquam
1331 3105 1349 3161 5

124 3187 242 3246 audiuit
268 3186 472 3247 Alexandrum
499 3189 617 3264 adesse,
647 3188 857 3263 Dataphernen
886 3190 917 3246 et
944 3185 1091 3246 Oatteueu
1123 3189 1297 3265 ceterosque

125 3273 216 3334 Darei
233 3277 415 3352 propiaquos
433 3277 573 3336 conuenit
591 3276 798 3338 demonstrans
821 3278 941 3350 tempus
964 3275 1122 3334 aduenisse
1140 3274 1225 3334 Darii
1249 3276 1295 3334 ul-

123 3364 254 3424 ciscendi
272 3366 304 3424 et
317 3363 480 3424 Alexandri
500 3365 662 3426 amicitiam
680 3359 689 3446 l
710 3363 881 3424 insinuandi
897 3363 1067 3440 Besumque
1086 3362 1188 3424 cohor·
1210 3381 1219 3437 q
1242 3382 1281 3424 τοι.
1292 3375 1343 3425 rosr

123 3454 247 3512 tabatur
260 3455 496 3529 conprehensum
515 3457 550 3513 ut
564 3454 734 3514 Alexandro
748 3473 838 3531 qnam
852 3453 982 3528 primum
997 3452 1158 3512 traderent.
1187 3451 1295 3528 quibus

123 3540 154 3600 id
172 3540 259 3602 facile
283 3545 314 3601 et
338 3542 398 3602 olto
420 3545 584 3619 persuasit,
607 3562 677 3602 nam
701 3543 808 3604 cotidie
831 3537 972 3620 (magis)
996 3541 1152 3618 magisque
1171 3540 1294 3600 Darium
1322 3563 1349 3603 ss

123 3629 329 3690 desiderantes
344 3630 421 3692 Beso
435 3631 597 3708 iniquiores
611 3631 731 3691 fiebant
759 3627 863 3708 itaque
878 3629 1097 3708 Stiphamenes,
1114 3631 1193 3705 quod
1207 3631 1294 3689 fami·
1329 3639 1348 3693 e

213 3822 227 3872 1
246 3814 380 3872 INCIPIT
398 3815 612 3872 Ataxssnal
630 3816 750 3873 MAGNI
769 3814 982 3872 MACEDONIS
1002 3813 1217 3899 EPITHOIIAII
1234 3815 1294 3871 RE·

123 3885 202 3970 Bm
220 3885 420 3971 caessavit
438 3887 609 3942 s1aaa-1·
689 3887 832 3972 mm
907 3886 1015 3942 LIBER
1032 3887 1058 3956 13
1078 3903 1148 3942 corr.
1168 3885 1294 3942 Reitzen-

123 3961 196 4014 stern
268 3959 463 4028 tredrpisssl
489 3961 619 4016 lacunam
633 3961 745 4028 statui!
770 3959 885 4030 quidem
915 3957 990 4028 quod
1063 3958 1260 4014 tosteuderet

122 4029 210 4101 seis]
234 4029 273 4098 εἰς
302 4045 371 4086 corr.
390 4029 453 4086 Keil
473 4037 478 4098 l
502 4030 632 4086 hennam
655 4029 812 4101 significaui
837 4033 841 4098 Ι
866 4029 1056 4101 mesoleucon]
1081 4027 1292 4085 ‘mesoleucon'
1351 4081 1362 4100 ‚

171 4099 386 4226 ‘mdiilllm’
403 4119 471 4226 ⁰⁰33·
488 4107 670 4246 litiani
683 4100 967 4227 <⁰*lidissdtnm
986 4099 1294 4240 ⁸‘Itl‘tl]·‘⁸⁶⁰{t'‘

122 4187 322 4326 magenes]
336 4258 369 4297 ex
384 4243 589 4326 ‘arlobsrsnesj
608 4245 724 4340 corrvpt
737 4189 850 4298 uidetui
923 4249 954 4298 17
974 4243 1104 4311 uergetas
1120 4243 1125 4310 Ι
1141 4187 1250 4294 suffio
1272 4169 1293 4310 id

121 4329 238 4468 disdaili
253 4313 855 4468 subditaddddrduddh'oihtdddltdrlbeddlndadue3
870 4313 1126 4454 diniddiditmldedi
1189 4315 1227 4434 {4³
1238 4327 1292 4434 trd-

122 4453 199 4512 dents
268 4461 302 4510 aa
321 4455 455 4529 (magis)
474 4473 579 4514 inserui
