3014 4922
230 211 295 274 104
722 210 752 265 Ο.
768 211 902 280 Wagner:

229 381 376 456 paulatim
401 379 585 439 scandentes.
626 397 694 437 cum
717 377 807 436 multi
834 377 985 453 utrimque
1007 376 1174 449 interirent,
1201 377 1300 435 locum
1325 396 1416 436 sum-

229 488 312 528 mum
330 487 365 527 ac
384 467 539 543 planitiem
557 466 730 541 penetrauit
753 470 784 525 et
806 467 850 524 ita
875 466 1003 525 uictoria
1020 465 1135 541 potitus
1156 483 1256 525 omnes
1276 465 1416 526 interfici

184 569 224 609 fol.
239 563 279 610 mr
292 568 301 622 ΙΙ
321 557 418 616 iussit.
446 558 605 631 postquam
619 556 692 615 haec
705 555 862 631 transegit,
876 554 956 612 XVI.
977 554 1024 613 die
1039 555 1076 613 ad
1091 554 1197 613 Indum
1215 554 1324 613 [lumen
1338 547 1348 635 ll
1363 575 1415 614 re·

176 620 213 675 4⁸
231 649 400 706 uersionem
417 645 502 704 fecit:
522 644 645 703 offendit
663 662 755 703 naues
774 643 953 721 aedificatas,
972 646 1009 702 ut
1021 643 1231 720 imperauerat,
1248 662 1413 721 magnum-

176 743 214 799 49
233 754 290 811 que
315 737 513 794 commeatum
537 734 575 791 ab
605 733 828 809 Hephaestione
860 736 1071 808 comparatum.
1122 733 1204 790 ultra
1235 732 1265 790 id
1293 733 1413 792 flumen

203 825 353 900 cquidam
371 822 490 896 Mothis,
516 822 613 881 Taxili
634 821 729 896 filius,
753 822 805 898 qui
828 822 889 880 iam
915 825 1001 897 patre
1024 821 1094 880 uiuo
1119 820 1282 880 Alexandri
1306 821 1414 879 amici-

229 913 290 972 tiae
309 913 346 971 ob
376 913 440 971 eius
469 929 516 970 res
540 914 641 988 gestas
666 911 791 986 cupidus
815 911 935 988 fuisset,
961 911 1047 986 patre
1074 912 1193 968 mortuo
1221 910 1339 987 legatos
1371 909 1413 968 ad

231 1000 436 1060 Alexandrum
459 1000 542 1059 misit
565 999 684 1074 iterum,
708 1001 759 1076 qui
782 999 998 1073 renuntiarent,
1024 998 1094 1076 quid
1117 999 1221 1075 uellet,
1245 1001 1349 1057 utrum
1376 1018 1412 1057 se

232 1109 359 1165 regnum
377 1092 536 1164 paternum
551 1088 694 1164 obtinere,
713 1107 751 1147 an
766 1088 896 1164 aliquem
910 1088 1056 1146 missurus
1075 1089 1164 1146 esset.
1195 1087 1227 1145 id
1246 1087 1299 1145 ubi
1313 1086 1408 1146 Alex-

192 1204 217 1242 1o
231 1180 324 1238 ander
343 1178 469 1253 audiuit,
488 1177 620 1236 animum
639 1178 702 1236 eius
717 1196 751 1237 ac
766 1177 946 1236 sententiam
965 1176 1147 1252 singularem
1165 1175 1332 1234 admiratus
1348 1178 1408 1235 est.

230 1267 341 1327 Mothis
366 1269 468 1326 autem
490 1285 586 1342 neque
609 1285 718 1326 nomen
742 1269 861 1325 mutare
884 1283 981 1341 neque
1005 1268 1120 1324 uestem
1145 1263 1259 1340 regiam
1283 1265 1411 1324 uolebat

178 1369 347 1423 assumere
370 1357 474 1432 itaque
497 1354 662 1413 Alexandri
684 1355 847 1414 aduentum
876 1354 1061 1431 expectabat.
1103 1353 1209 1412 deinde
1236 1353 1410 1412 Alexander

231 1447 397 1504 commeatu
416 1443 562 1502 militibus
579 1444 737 1518 dispertito
752 1443 917 1502 exercitum
931 1442 962 1500 in
975 1442 1063 1501 nauis
1078 1442 1216 1500 onerauit
1234 1442 1409 1519 flumenque

191 1559 217 1596 14
231 1533 458 1608 transportauit.
495 1531 527 1590 id
545 1531 597 1590 ubi
616 1532 727 1590 Mothis
753 1532 870 1590 audiuit
887 1531 1092 1590 Alexandrum
1115 1531 1284 1604 aduenisse,
1309 1530 1409 1589 libens

178 1631 214 1684 51
235 1641 304 1680 cum
331 1621 461 1680 exercitu
494 1639 528 1679 ao
561 1620 730 1696 elephantis
761 1620 913 1696 profectus
946 1623 998 1679 est.
1052 1620 1131 1678 hunc
1159 1619 1211 1678 ubi
1236 1618 1409 1679 Alexander

187 1715 308 1774 f01.98⁸ll
327 1710 444 1787 agmine
464 1709 597 1768 conferto
616 1701 625 1789 l!
648 1709 767 1768 obuiam
785 1707 955 1767 uenientem
974 1709 1136 1784 conspexit,
1159 1707 1275 1766 ueritus
1294 1711 1350 1782 est,
1369 1707 1409 1767 ne

232 1799 328 1859 hostis
348 1799 549 1858 aduentasset.
583 1796 721 1857 continuo
740 1797 936 1873 pronuntiare
954 1797 1052 1873 iussit,
1071 1800 1105 1856 ut
1123 1797 1234 1855 milites
1254 1815 1407 1856 armaren-

233 1891 283 1947 tur
302 1888 395 1947 etita
414 1888 522 1946 armati
542 1887 597 1945 sub
617 1886 709 1963 signis
723 1887 788 1946 loco
807 1905 861 1946 suo
877 1887 965 1945 irent.
1002 1887 1057 1946 hoc
1072 1886 1206 1944 tumultu
1224 1888 1306 1943 metu
1326 1904 1408 1944 com-

234 1976 309 2038 moti
328 1977 503 2037 Macedones
523 1976 608 2034 taciti
626 1975 656 2034 in
675 1977 740 2036 loco
757 1975 964 2035 constiterunt.
999 1975 1031 2032 id
1049 1975 1102 2033 ubi
1117 1975 1229 2032 Mothis
1248 1975 1407 2051 intellexit,

193 2089 219 2128 so
233 2065 321 2124 iussit
346 2084 415 2125 suos
436 2063 597 2124 consistere
626 2067 715 2141 atque
740 2066 841 2123 hastas
868 2065 996 2142 erigere,
1024 2066 1089 2138 ipse
1117 2063 1198 2120 solus
1226 2061 1407 2137 adequitans

180 2161 216 2215 52
233 2156 321 2230 longe
346 2154 514 2212 antecessit.
559 2149 657 2228 [item]
683 2153 853 2211 Alexander
875 2153 927 2211 ubi
950 2153 980 2210 id
1003 2151 1093 2224 uidit,
1117 2150 1190 2209 item
1214 2154 1318 2210 contra
1338 2170 1408 2211 suos

233 2241 393 2301 antecessit
413 2242 495 2301 solus
515 2241 571 2301 soli
589 2259 692 2314 parem
715 2260 746 2300 se
766 2241 947 2301 existimans.
985 2241 1028 2299 ibi
1046 2239 1216 2299 Alexander
1235 2243 1266 2299 ct
1285 2240 1407 2314 Mothis,

232 2350 285 2389 rex
308 2329 466 2404 Indorum,
495 2329 546 2404 qui
574 2333 679 2404 postea
706 2330 825 2388 Taxilae
854 2331 1021 2405 appellatus
1048 2331 1106 2401 est,
1135 2346 1237 2403 pacem
1261 2328 1407 2388 focerunt.

234 2419 339 2478 deinde
364 2419 516 2495 congressi
539 2419 659 2477 dextras
683 2418 832 2478 dederunt
859 2421 890 2478 et
908 2417 1070 2477 amicitiam
1089 2418 1192 2476 fecere.
1231 2417 1339 2476 deinde
1359 2436 1406 2475 ex-

193 2526 219 2566 so
235 2507 359 2568 ercitum
388 2510 478 2582 atque
507 2507 674 2582 equitatum
703 2527 820 2567 omnem
848 2511 879 2567 et
907 2507 1081 2583 elephantos
1101 2505 1202 2564 LVIII
1230 2507 1261 2562 et
1289 2507 1409 2581 argenti

233 2598 350 2656 talenta
363 2595 429 2674 DC,
453 2599 556 2655 tauros
574 2595 678 2655 infulis
703 2597 818 2656 uelatos
834 2643 840 2655 .
855 2641 864 2657 .
878 2641 898 2672 .,
921 2597 1017 2654 multa
1040 2597 1196 2670 praeterea
1219 2612 1295 2652 uasa
1314 2613 1408 2654 aurea

235 2690 265 2745 et
283 2689 427 2761 argentea
446 2689 477 2744 et
495 2686 675 2744 uestimenta
699 2686 793 2747 omnis
817 2686 935 2762 generis
961 2685 1174 2760 compluraque
1193 2683 1336 2742 animalia
1357 2684 1406 2742 sil-

188 2785 227 2825 f01-
242 2779 280 2826 9⁸²
295 2783 304 2839 ΙΙ
323 2775 438 2834 uestria
456 2775 601 2834 inusitata
619 2773 677 2834 Ale
690 2766 699 2856 Η
713 2776 825 2833 xandro
850 2774 985 2834 tradidit.
1018 2772 1064 2832 his
1087 2772 1215 2847 acceptis
1236 2770 1408 2832 Alexander

233 2883 300 2922 cum
319 2882 396 2940 quae
414 2882 503 2924 causa
522 2863 629 2923 luisset
647 2865 809 2923 exercitum
828 2861 1018 2940 comparandi
1038 2911 1043 2922 .
1064 2909 1071 2922 .
1092 2909 1098 2923 .
1124 2861 1263 2938 quoniam
1282 2861 1314 2919 id
1332 2855 1406 2939 <in>

194 2939 220 3012 ao
235 2945 333 3012 ammo
352 2953 510 3014 habuisset
529 2953 607 3029 quod
626 2952 766 3012 uoluerat
784 2955 819 3011 ut
834 2952 956 3012 faceret.
993 2954 1026 3010 at
1039 2950 1209 3010 Alexander
1229 2968 1297 3008 eum
1316 2950 1408 3009 inter·

233 3041 363 3118 rogauit,
388 3042 549 3116 numquis
574 3042 600 3100 ei
624 3041 768 3100 finitimus
787 3041 931 3100 molestus
952 3041 1039 3098 esset.
1076 3039 1127 3097 ille
1152 3037 1305 3113 respondit
1323 3041 1407 3098 trans

232 3129 344 3187 flumen
363 3125 455 3204 [esse]
476 3128 550 3188 duos
574 3147 660 3205 reges
685 3130 743 3188 sibi
765 3129 876 3188 bellum
900 3145 1021 3202 parare3
1050 3127 1177 3185 alterum
1200 3128 1231 3184 in
1255 3127 1406 3186 montibus

180 3224 219 3280 dl
233 3217 378 3294 habitare,
397 3217 506 3276 Porum
525 3220 625 3276 autem
645 3217 676 3274 in
695 3235 798 3292 campo
821 3216 981 3274 secundum
997 3215 1107 3273 flumen
1125 3216 1280 3290 imperare.
1320 3216 1407 3275 Alex-

234 3308 327 3366 ander
347 3308 448 3365 autem
472 3326 526 3381 pro
550 3306 613 3364 eius
636 3304 771 3364 bonitate
795 3303 888 3362 animi
911 3304 938 3362 ei
961 3303 1092 3381 gratiam
1114 3303 1249 3363 restituit
1272 3303 1404 3380 dixitque

195 3415 220 3456 ss
236 3396 281 3456 uti
301 3415 426 3473 regnum
440 3397 597 3470 paternum
614 3393 772 3468 obtineret,
788 3411 956 3468 nomenque
970 3395 1088 3451 mutare
1107 3393 1197 3452 iussit
1211 3392 1405 3470 Taxilemque

234 3504 302 3543 eum
321 3483 475 3560 appellari.
512 3486 584 3542 tunc
607 3482 714 3541 deinde
737 3483 774 3542 ad
798 3481 927 3540 fluminis
951 3481 1047 3557 ripam
1071 3500 1139 3540 cum
1159 3481 1263 3540 Taxilc
1282 3482 1407 3541 accessit

234 3573 369 3649 uiditque
392 3573 523 3632 hostium
548 3571 648 3648 copias
672 3572 703 3629 in
727 3570 838 3646 campis
861 3571 972 3645 passim
997 3570 1159 3630 secundum
1186 3569 1312 3628 fluuium
1338 3590 1404 3629 con-

234 3661 354 3721 sedisse.
380 3680 446 3720 cum
461 3656 522 3740 <a>
533 3660 635 3720 Taxile
650 3663 817 3737 quaereret,
832 3660 904 3735 quid
922 3659 1074 3735 copiarum
1089 3661 1119 3718 in
1139 3658 1245 3719 castris
1261 3663 1349 3734 esset,
1364 3661 1405 3718 in-

234 3751 319 3809 uenit
345 3751 454 3809 Porum
478 3750 615 3808 LXXXV
639 3751 812 3825 elephantos
838 3748 963 3823 habere,
993 3749 1156 3825 quadrigas
1183 3745 1264 3824 000,
1292 3749 1404 3823 pedita-

322 3961 338 4008 2
358 3955 403 4025 ac]
421 3955 457 4008 ad
529 3959 546 4006 4
565 3953 693 4025 offendit]
708 3953 773 4009 inde
847 3953 1040 4021 tepbestione
1056 3956 1061 4021 1
1077 3952 1281 4023 comparatum]
1297 3968 1404 4022 compa·

234 4029 347 4081 rauerat
409 4031 425 4078 6
440 4027 524 4080 motis
537 4027 540 4096 Ι
556 4025 710 4081 amicitiam
774 4025 919 4094 aiterum]
935 4023 1059 4095 oratuml
1077 4023 1282 4095 renuntiarent]
1298 4023 1325 4077 ci
1339 4042 1403 4077 nun-

234 4098 340 4152 tiarent
408 4101 440 4150 11
455 4097 540 4151 motis
609 4102 642 4151 13
658 4096 806 4151 honerauit
875 4101 906 4150 16
922 4097 1050 4151 conserto
1066 4096 1110 4166 [ut
1121 4094 1245 4164 uidetur]
1311 4099 1343 4148 l‘l
1360 4097 1403 4148 ad·

234 4168 389 4240 cantasset]
414 4169 551 4223 aduentus
571 4171 644 4223 esset
733 4174 766 4222 21
790 4167 884 4238 [item]
908 4165 1002 4222 deleui
1091 4172 1126 4222 26
1145 4182 1274 4220 numerus
1293 4165 1404 4220 excidit:

235 4239 264 4293 in
278 4239 374 4295 codice
390 4238 511 4309 spatium
526 4242 633 4308 septem
648 4240 804 4294 litterarum
819 4256 939 4292 uacuum
955 4239 1083 4293 relictum
1100 4239 1143 4292 est
1214 4241 1248 4290 29
1268 4253 1383 4304 cumque
1399 4237 1401 4306 l

234 4310 363 4366 lacunam
386 4309 510 4364 indicaui
533 4311 537 4382 Ι
562 4308 635 4383 <in>
659 4311 755 4366 addidi
811 4341 813 4346 ·
863 4315 896 4364 31
921 4309 997 4381 quis]
1022 4326 1091 4366 corr.
1111 4325 1145 4363 ex
1165 4306 1255 4376 ‘qnid’
1276 4325 1317 4377 pr.
1336 4326 1371 4362 m.

235 4388 268 4437 32
289 4383 374 4454 [esse]
395 4381 486 4436 deleui
559 4388 592 4436 38
613 4381 672 4455 (a)
692 4381 789 4436 addidi
862 4387 896 4434 89
915 4381 1084 4452 peditatum]
1104 4378 1231 4452 peditum
