3014 4922
247 259 310 322 154
736 258 767 313 O.
783 258 920 329 Wagner:

193 431 274 482 mane
338 418 462 489 quandiu
481 417 550 472 utile
574 418 629 490 est]
654 416 726 473 Plut.
746 418 764 474 l.
786 436 807 472 c.
828 423 874 484 §5
893 421 909 472 ὁ
929 421 959 474 δὲ
977 422 1135 473 τελευταῖα(
1154 421 1328 490 (ἐρωτηθεὶς)
1348 421 1425 488 μέχρι

245 492 322 545 τίνα(
340 492 480 560 ἀνθρώπῳ
500 493 590 543 καλῶς
609 492 665 556 ἔχοι
685 494 744 557 Ζῆν,
764 492 860 557 ,μέχρι
878 491 911 544 οὔ
931 493 968 557 μή
987 489 1091 556 νομίζει
1108 491 1142 544 τὸ
1158 493 1292 545 τεθνάναι
1306 497 1357 546 τοῦ
1372 496 1424 558 Ζήν

246 565 385 629 ἀμεινον“.
423 562 528 616 Gesner
548 561 775 630 ‘gnomographi’
796 578 823 628 p..
838 564 889 615 877
915 568 1017 625 (sermo
1036 562 1100 629 271)
1122 577 1156 614 ex
1175 563 1329 617 Fauorino:
1353 565 1423 631 ‘Apr-

246 634 352 700 ιτελδηε
371 635 387 687 ά
406 632 510 686 δίκαια(
528 633 677 698 ἐρωτηθελε
694 633 779 685 πότον
800 633 854 685 έετί
873 634 975 699 χρόνον
994 633 1143 698 ἄνθρωπον
1168 634 1253 700 καλὸν
1277 637 1330 700 Ζῆν
1353 636 1423 702 ἔφη·

246 707 299 758 ἕω(
318 707 352 758 ἀν
370 705 495 773 ὑπολάβῃ
515 704 548 757 τὸ
566 703 697 756 τεθνάναι
716 709 766 757 rod
787 705 836 769 Ζῆν
856 709 982 770 κρεῖττον
1001 705 1079 756 εἶναι.

336 775 419 845 αάοο]
442 774 500 828 uim
523 772 612 826 habet
634 772 819 841 temporalem
844 774 932 841 (μέχρι
957 776 1016 842 οὗ),
1040 774 1074 828 cf.
1095 773 1185 828 Krebs
1207 773 1423 830 ‘Antibarbarus
1479 775 1480 846 ξ

245 845 258 898 l
277 866 305 916 p.
322 851 355 900 82
375 864 395 900 s.
416 863 440 899 u.
461 847 491 898 et
508 861 577 914 quos
596 845 636 898 ibi
654 842 760 898 laudat.
1479 847 1480 850 ’

194 929 238 979 109,
247 929 273 968 ae
337 934 398 970 cum
418 914 507 970 nollet
526 932 576 971 suo
595 913 700 968 iudicio
720 930 887 983 quemquam
907 915 1010 988 perire]
1034 933 1105 984 quae
1124 917 1211 971 uerba
1230 919 1264 970 ut
1283 933 1316 970 ex
1336 918 1423 972 dittn-

246 987 367 1057 graphia
386 988 449 1041 orta
467 987 560 1040 delere
584 987 647 1039 uult
666 985 820 1053 Schwartz,
848 987 978 1054 equidem
1001 988 1105 1041 retinui
1129 988 1302 1044 dubitanter.
1341 989 1422 1042 Alex·
1479 967 1480 1040 l

247 1059 334 1112 ander
352 1058 425 1111 enim
446 1058 588 1125 cumipse
607 1056 642 1110 de
661 1056 799 1125 responsis
819 1056 1052 1126 philosophorum
1072 1058 1197 1112 iudicare
1222 1060 1325 1127 nollet,
1350 1059 1422 1112 indi·

246 1131 319 1183 cium
340 1129 399 1183 eius
418 1129 459 1184 rei
478 1128 514 1181 ad
533 1145 597 1180 eum
616 1127 727 1195 detulit,
746 1143 829 1195 quern
848 1129 937 1182 solum
958 1145 991 1182 ex
1011 1129 1108 1183 decem
1123 1129 1199 1183 Indis
1214 1131 1422 1200 interrogatum

246 1218 303 1255 non
321 1217 381 1254 esse
400 1215 516 1253 numero
535 1198 866 1267 interrogatiunculurum
882 1198 1024 1252 indicatur
1042 1199 1127 1270 (apud
1143 1199 1216 1256 Plut.
1232 1202 1250 1255 l.
1267 1218 1290 1256 c.
1307 1207 1322 1266 ξ
1337 1206 1351 1254 1
1372 1205 1422 1255 ἕνα

247 1274 277 1327 δὲ
296 1273 347 1325 τὸν
365 1273 553 1339 πρετβύτατον
571 1270 693 1324 ἐκέλευεε
712 1269 832 1338 κρίνειν).
1479 1271 1480 1338 1

194 1355 273 1404 mara
335 1358 370 1395 ne
390 1341 458 1411 quid
477 1341 585 1410 gratiae
604 1358 688 1395 causa
707 1340 857 1410 iudicaret]
877 1341 914 1394 ad
933 1357 966 1394 ea
985 1357 1056 1410 quae
1074 1343 1206 1396 secuntur
1224 1343 1258 1398 cf.
1276 1343 1348 1398 Plut.
1362 1343 1380 1398 1.
1397 1362 1420 1397 c.
1478 1373 1480 1424 3

246 1421 261 1477 6
277 1417 292 1465 5
312 1415 387 1467 οὕτω
408 1415 441 1479 δὴ
460 1414 634 1479 τραπόμενοι
652 1413 721 1477 πρὸ(
738 1413 789 1465 τὸν
809 1414 938 1479 δικαετήν
956 1414 1095 1467 έκέλεοεεν
1118 1414 1329 1481 ἀποφαίνειθαι,
1366 1416 1418 1468 τοῦ
1479 1429 1480 1462 ;

247 1486 272 1537 δ’
291 1486 387 1550 ἕτερον
405 1484 502 1550 ἑτέρου
521 1489 613 1549 χεῖρον
628 1482 765 1549 εἰρηκέναι
781 1485 921 1550 φήεαντοτ
935 1485 1074 1551 ,,οάκοι1ν“
1089 1485 1144 1552 ἔφη
1159 1488 1207 1553 „ct
1222 1491 1336 1552 πρῶτος
1355 1488 1423 1539 άπο-
1479 1483 1480 1544 ἶ

247 1561 317 1622 θανῇ
336 1559 452 1608 τοιαῦτα
472 1554 598 1620 κρένωνιέ.
636 1555 705 1620 ,οὐκ
728 1555 762 1606 ἀν
780 1557 830 1619 γε“
854 1555 930 1608 εἶπεν
955 1555 996 1622 ,ὠ
1021 1558 1140 1622 βαειλεθ,
1164 1555 1188 1609 εἰ
1212 1560 1248 1623 μὴ
1273 1560 1303 1611 cb
1328 1559 1419 1626 ψεύδῃ
1479 1563 1480 1629 1

247 1628 336 1694 φὴεα(
353 1630 467 1692 πρῶτον
485 1625 647 1678 ἀποκτενεῖν
664 1625 713 1678 τὸν
733 1625 951 1692 ἀποκρινάμενον
971 1626 1106 1680 κάκιττα“.
1479 1631 1480 1674 l

337 1697 367 1749 et
384 1694 445 1768 1110]
467 1700 544 1748 enne
564 1695 740 1748 scribendum
761 1695 802 1760 at
820 1696 899 1749 1ιοί
923 1695 1006 1762 (Pur
1025 1695 1044 1752 1.
1064 1713 1088 1752 c.
1106 1702 1158 1751 roo
1178 1699 1223 1765 ι’).
1427 1735 1433 1750 .
1479 1677 1480 1771 1

196 1780 242 1830 109,
251 1779 276 1819 aa
340 1766 427 1820 alium
447 1767 502 1820 alio
523 1763 684 1837 deterrime]
703 1767 736 1820 cf.
757 1771 819 1830 §29
840 1765 979 1820 ‘omnibus
997 1765 1220 1823 formosissima’.
1479 1789 1480 1796 ι

196 1851 242 1901 109,
251 1851 276 1890 aa
340 1855 396 1892 non
416 1841 458 1892 est
476 1839 582 1905 regium
602 1835 727 1908 mentiri]
747 1840 806 1892 Arr.
822 1839 907 1906 praef.
927 1843 972 1902 §2
993 1841 1070 1892 acro
1090 1839 1119 1910 [i.
1136 1855 1158 1892 c.
1176 1840 1357 1912 Πτολεμαέω]
1376 1845 1423 1907 βα·
1479 1875 1480 1912 ,

247 1909 533 1976 ειλεῖόντιαίιχράτε
553 1927 585 1962 ον
607 1911 685 1977 ἤτιρ
705 1909 1008 1977 cappadocenae
1045 1891 1164 1964 Talrnud
1184 1895 1423 1981 Babylon.'(‘l¹a-
1479 1917 1480 1958 ἐ

247 1981 317 2035 mid’
338 1985 395 2046 aa:
415 1988 470 2033 :m
491 1926 584 2034 nilne
603 1988 650 2032 aru
670 1970 717 2032 nbi

196 2065 274 2115 rouel
338 2051 569 2122 praeuidendum]
588 2067 623 2103 an
645 2049 889 2118 ‘prouidendum’2
909 2049 958 2103 sed
978 2050 1012 2104 cf.
1032 2049 1087 2104 Cic.
1102 2050 1180 2105 Verr.
1201 2058 1225 2118 5,
1245 2057 1288 2106 22.

194 2136 258 2184 110,1
338 2123 508 2176 uestimenta
527 2163 532 2174 .
550 2164 555 2174 .
571 2162 577 2174 .
596 2121 689 2188 iussit]
710 2119 779 2173 Plut.
797 2121 874 2175 Alex.
890 2125 931 2186 65,
948 2124 962 2172 1
981 2122 1101 2174 τούτου(
1119 2123 1168 2186 μὲν
1187 2123 1238 2175 οὖν
1258 2124 1351 2190 ἀφῆκε
1367 2127 1420 2177 δω-

246 2193 406 2260 ρηεάμενοε.
444 2191 564 2245 ‘ralmnd
583 2193 601 2244 1,
621 2207 655 2244 q:
677 2200 770 2260 praru
791 2183 889 2260 pansae
908 2199 990 2260 puna
1010 2185 1103 2245 nanas
1122 2201 1173 2243 mn

196 2276 261 2322 nur
339 2262 368 2315 in
395 2278 481 2316 naues
507 2261 707 2330 conscendere]
735 2262 769 2314 cf.
793 2267 860 2326 §86
887 2263 982 2315 ‘naues
1007 2262 1247 2318 conscenderunt’.
1286 2269 1355 2328 §10
1381 2265 1421 2317 ‘in

247 2333 315 2388 ratis
335 2333 502 2387 ascendere’.
541 2335 663 2386 ceterum
683 2332 817 2384 hocloco
837 2331 1033 2386 desiderantur
1052 2350 1123 2402 quae
1143 2350 1160 2387 a
1179 2333 1274 2389 Curtio
1294 2341 1319 2403 9,
1340 2340 1365 2404 5,
1385 2341 1420 2389 22

247 2411 321 2473 -9‚
337 2410 361 2472 8,
376 2409 420 2458 28.
448 2403 528 2458 Diod.
550 2408 591 2468 17,
608 2407 658 2456 100
669 2419 727 2470 sqq.
757 2401 853 2456 lustin.
869 2407 910 2470 12,
926 2409 951 2471 9,
969 2412 1053 2473 lsqq.
1082 2405 1239 2460 mudantur.
1479 2403 1480 2420 ¹

337 2476 481 2528 iussit...
501 2473 596 2545 iussit]
616 2473 650 2528 cf.
670 2476 734 2536 §10
754 2475 872 2537 eleae.

194 2560 258 2610 uqa
336 2546 415 2670 gad>
433 2546 608 2599 Atlanticum
627 2561 660 2598 ac
678 2543 803 2598 Rubrum
822 2545 910 2614 marc]
929 2545 963 2600 cf.
983 2551 1054 2610 §aa

356 2618 449 2672 umine
467 2617 550 2688 Indo]
569 2617 629 2672 Arr.
645 2622 669 2681 6,
686 2621 728 2682 14,
742 2622 768 2670 4.

195 2703 258 2752 ιιο,4
337 2689 417 2743 uenit
442 2689 477 2744 ad
502 2687 624 2742 insulam
648 2687 748 2740 Patala
773 2703 843 2756 quae
870 2687 1040 2759 appellatur]
1066 2686 1127 2742 Arr.
1149 2693 1174 2756 6,
1197 2693 1276 2758 17,2
1303 2689 1422 2758 ἀφίκετο

247 2765 278 2815 δὲ
296 2763 373 2828 αὐτῷ
397 2762 476 2814 καὶὸ
499 2766 558 2814 τῶν
576 2760 730 2813 Παταλέων
753 2763 804 2825 τῆ(
826 2760 918 2824 χώρας
943 2760 1045 2825 ἄρχων,
1072 2760 1087 2811 ὃ
1114 2761 1147 2825 δὴ
1173 2760 1207 2812 τὸ
1226 2761 1321 2814 Δέλτα
1347 2763 1421 2828 ἔφην

247 2835 317 2886 εἶναι
335 2833 368 2884 τὸ
387 2833 456 2898 πρὸ(
473 2836 524 2884 τοθ
544 2835 671 2894 ποταμοῦ
689 2835 740 2883 τοθ
761 2831 845 2882 Ἰνδοῦ
864 2831 1040 2893 ποιούμενον,
1075 2828 1165 2883 Strab.
1181 2833 1223 2896 15,
1240 2835 1264 2898 1,
1279 2836 1313 2883 32
1330 2849 1357 2899 p.
1369 2838 1421 2886 700

247 2906 274 2972 (ὁ
295 2903 386 2972 lutto)
404 2906 462 2956 tuci
482 2903 608 2968 ετόμαειν
627 2902 664 2955 εἰ(
683 2904 736 2968 τὴν
753 2901 850 2954 νοτίαν
874 2900 998 2953 crotone
1020 2901 1161 2954 θάλατταν
1184 2904 1228 2954 καί
1252 2905 1305 2967 τήν
1324 2903 1420 2956 Πατα-

247 2977 335 3041 ληνήν
352 2975 629 3041 προεογορειιομὲνην
647 2978 719 3026 ποιεῑ
736 2976 828 3038 νήεον.
865 2970 903 3026 id.
923 2969 959 3024 ib.
980 2975 1043 3035 §33
1063 2989 1089 3040 p.
1105 2977 1169 3024 701:
1198 2973 1228 3024 ἑν
1252 2973 1282 3025 δὲ
1306 2979 1342 3040 τι]
1363 2975 1422 3026 Πα-

247 3049 352 3112 ταληνῇ
371 3046 449 3099 πόλις
472 3047 544 3098 έετλν
568 3045 710 3109 ἀξιόλογα(
731 3044 767 3096 τὰ
784 3043 915 3108 Πάταλα,
941 3042 992 3108 ἀφ’
1014 3042 1048 3106 ἡ(
1070 3044 1114 3094 καλ
1139 3045 1156 3108 ἡ
1183 3047 1264 3109 νῆεοε
1289 3047 1419 3098 καλεῖται.

247 3116 322 3183 apud
340 3115 449 3167 Arrian.
469 3117 564 3167 antem
582 3118 618 3184 (5,
638 3121 661 3180 4,
683 3120 704 3167 1.
725 3118 749 3178 6,
767 3119 807 3178 18,
823 3117 847 3166 3.
867 3118 892 3179 6,
909 3117 950 3176 17,
967 3114 994 3180 5)
1013 3114 1042 3165 et
1060 3112 1169 3166 insulae
1189 3116 1218 3166 et
1235 3113 1300 3166 urbi
1317 3131 1421 3168 nomen

247 3187 364 3239 Πάταλα
383 3186 433 3237 est.
470 3182 551 3238 Diod.
571 3184 691 3252 denique
714 3187 859 3248 17,104,1
879 3182 994 3236 exhibet
1009 3184 1131 3238 Ταάαλα,
1167 3182 1223 3237 fuit
1241 3189 1335 3238 aulem
1355 3201 1418 3238 cum

247 3256 410 3310 scriberem:
441 3254 530 3308 ‘uenit
548 3255 584 3306 ad
603 3254 724 3306 insulam
744 3253 925 3321 Patalamque
947 3254 1033 3324 (codr
1052 3257 1135 3323 quae)
1154 3254 1308 3324 appellitur
1331 3257 1418 3325 (codz

247 3327 415 3396 appellatur)
435 3327 462 3378 in
482 3323 628 3393 oppidum'
650 3324 735 3394 [cod.:
762 3323 941 3393 ‘ophiorum',
966 3341 1034 3380 corr.
1057 3325 1255 3396 Reitzenstein]
1275 3324 1339 3379 coll.
1360 3326 1418 3382 Liu.

247 3405 297 3465 28,
315 3403 362 3464 42,
383 3405 398 3451 3
424 3395 581 3464 ‘Emporias
603 3395 633 3448 in
655 3394 754 3447 urbem
776 3395 914 3449 sociorum
937 3397 1057 3450 classem
1080 3396 1236 3464 adpulisti’.
1274 3397 1322 3450 sed
1346 3415 1418 3450 nuuc

248 3472 320 3524 hanc
339 3468 488 3523 lectionem
506 3465 721 3536 praeferendam
739 3481 798 3520 esse
818 3466 895 3521 duxir
926 3467 1015 3520 ‘uenit
1033 3467 1069 3520 ad
1087 3467 1208 3522 insulam
1226 3467 1328 3521 Patala
1348 3486 1418 3536 quac

248 3541 415 3610 appellatur.
454 3538 598 3608 oppidum’
619 3540 672 3592 etc.

195 3623 258 3673 11o,5
335 3611 515 3679 †Bigandar]
535 3610 608 3677 apud
622 3608 739 3662 Ptolem.
757 3613 782 3674 7,
798 3616 821 3674 1,
837 3614 869 3663 61
886 3611 1025 3676 Βινάγαρα
1043 3610 1070 3662 et
1085 3607 1267 3677 inAnonymi
1287 3608 1418 3679 (Arriani,

248 3687 280 3738 ut
299 3682 396 3750 fertur)
415 3682 514 3750 peripl.
534 3681 620 3734 maris
639 3679 750 3749 Erythr.
770 3686 802 3734 88
823 3682 976 3748 Μινναγάρ.
1014 3681 1048 3734 cf.
1069 3679 1097 3736 G.
1117 3678 1283 3733 Muellerum
1301 3681 1339 3732 ad
1358 3681 1385 3736 h,
1400 3681 1417 3733 l.

248 3755 278 3807 in
299 3754 399 3823 Gecgr.
419 3753 463 3807 Gr.
483 3752 549 3806 min.
569 3750 624 3806 nol
644 3751 655 3802 l
675 3770 700 3818 ρ.
716 3754 776 3805 287.
813 3752 896 3806 Kcnr.
916 3751 1045 3804 Mannert
1065 3749 1255 3819 ‘Geographie
1274 3749 1324 3804 dar
1343 3751 1418 3805 Gric-

248 3825 318 3879 chen
337 3842 363 3878 u.
383 3823 495 3878 R'dmer’
517 3822 607 3876 uol.V
625 3826 719 3891 paral
739 3840 766 3891 p.
782 3826 833 3874 105
853 3824 882 3875 et
901 3827 950 3876 107
971 3823 1037 3876 edit.
1053 3821 1086 3876 ΙΙ.

195 3916 258 3965 nco
338 3903 502 3974 Mamalces]
522 3907 683 3972 corruptum
703 3917 763 3954 esne
782 3901 900 3955 uidetur.
940 3902 980 3955 ‘in
999 3901 1123 3955 sinistra'
1144 3917 1181 3955 ac.
1202 3901 1296 3970 ‘ripa’.

338 3984 372 4037 nb
391 3981 436 4036 his
451 3985 637 4038 commeatum
652 3981 681 4034 ct
695 3981 792 4052 duces]
812 3981 888 4036 Curt.
904 3987 929 4047 9,
944 3986 968 4048 8,
984 3985 1018 4035 80
1039 3980 1167 4034 ‘ducibus
1183 3979 1283 4034 deinde
1299 3981 1417 4050 sumptis

248 4053 338 4108 amnis
356 4055 454 4122 perit³s
474 4053 589 4106 defluxit
606 4052 642 4105 ad
664 4052 786 4105 insulem
808 4051 902 4106 medio
924 4053 1012 4106 ferme
1036 4052 1117 4106 alueo
1141 4052 1275 4106 enatam’.
1311 4053 1373 4106 Arr.
1393 4061 1417 4120 6,

248 4131 290 4194 18,
310 4129 334 4178 5.
368 4125 403 4177 ad
425 4124 531 4178 ‘duces’
552 4127 587 4179 ct'.
607 4124 641 4178 ad
661 4128 733 4190 834.

195 4218 257 4269 nou
336 4205 450 4274 propter
476 4202 656 4258 latitudinem
679 4202 815 4274 fluminis]
841 4203 901 4257 Arr.
922 4202 939 4255 l,
959 4218 981 4256 c.
1007 4201 1077 4269 ἧκον
1099 4203 1198 4270 ἵναπερ
1225 4204 1365 4269 ἀναχεῖται
1390 4207 1417 4257 ἐι

247 4279 327 4344 εὖροι
346 4278 361 4329 ὁ
379 4277 512 4343 ποταμὸς,
531 4278 569 4329 ὼε
588 4279 631 4329 καὶ
650 4275 803 4329 διακαείοοε
816 4276 904 4344 ταύτῃ
919 4274 1045 4328 (ταδέουε
1059 4276 1166 4340 ἐπέχειν
1181 4277 1251 4344 ᾗπερ
1265 4276 1417 4341 εὐρύτατοε

247 4350 332 4402 αὐτὸ(
350 4349 437 4401 αὑτοῦ
456 4348 499 4412 ἡν.

194 4440 258 4490 uqa
337 4427 366 4480 in
384 4425 503 4479 insulam
524 4426 674 4492 desertam]
694 4425 728 4477 cf.
748 4422 823 4478 (λιιι.
843 4423 860 4476 l.
881 4439 903 4478 c.
