3014 4922
198 252 241 314 98
694 248 725 303 Ο.
745 249 880 318 Wagner:

199 418 375 479 liarissimus
393 417 472 476 Besa
491 417 565 492 erat,
584 416 672 474 facile
690 416 827 474 custodes
851 416 889 474 ab
912 413 1107 473 tabernaculo
1126 412 1290 488 ablegauit.
1323 411 1376 470 de-

197 507 268 566 inde
285 506 344 582 ipsi
362 503 497 563 uniuersi
516 503 696 563 introierunt
710 506 740 562 et
754 503 865 572 Besum
879 501 1121 561 constrinxerunt
1136 503 1376 576 ornamentaque

198 595 283 671 regia
307 593 482 652 ademerunt
506 592 608 668 itaque
631 592 668 650 ad
687 590 892 650 Alexandrum
914 590 1041 666 profecti
1065 592 1143 649 sunt.
1180 590 1294 665 hosque
1318 589 1375 647 ubi

199 685 323 758 repente
342 679 535 740 aduenientes
553 679 723 739 Alexander
741 679 909 754 Besumque
932 679 1067 738 uinctum
1085 677 1192 736 adduci
1210 678 1375 752 conspexit,

164 791 177 831 s
201 767 257 846 [et]
278 789 314 829 ex
328 787 364 828 ea
377 786 410 827 rc
424 786 541 827 summa
554 768 673 828 laetitia
686 768 821 827 adfectus
835 785 895 843 eos,
909 767 962 844 qui
976 767 1172 838 adduxerunt,
1185 765 1375 825 collaudatos

167 869 182 923 7
200 860 385 933 donatusque
409 855 530 915 dimisit.
572 856 678 916 deinde
700 855 759 915 iter
781 849 862 934 <ad>
881 855 1006 915 Tanaim
1030 854 1141 913 flumen
1159 853 1256 912 facere
1275 853 1376 928 coepit

200 950 231 1006 et
249 949 390 1022 quartum
408 945 479 1019 post
497 944 576 1003 diem
594 944 633 1003 ad
651 942 831 1003 Maracanda
850 944 985 1020 deuenit,
1009 943 1088 1021 quod
1107 941 1193 1001 abest
1215 941 1376 1000 aflumine

201 1034 297 1093 Tanai
315 1034 430 1092 dierum
512 1033 571 1091 uia.
607 1032 639 1091 id
660 1031 803 1108 oppidum
825 1033 1059 1108 pulcherrimum
1083 1047 1117 1089 ac
1139 1029 1376 1088 munitissimum

201 1125 249 1182 est
272 1123 396 1198 propter
417 1121 640 1179 multitudinem
664 1120 796 1180 fluminis
823 1121 896 1196 eius,
921 1119 1000 1196 quod
1022 1119 1164 1194 oppidum
1185 1117 1376 1177 circumfluit.

147 1214 272 1272 f01·1⁰⁶⁸ll
291 1209 371 1286 quod
389 1207 515 1268 circuitu
535 1201 542 1288 il
567 1227 668 1268 murus
688 1208 819 1268 stadium
838 1208 919 1267 Lxx
938 1207 1096 1268 continuus
1114 1205 1295 1266 continebat.
1332 1206 1376 1266 ibi

166 1274 350 1375 ⁸praesidio
367 1295 471 1355 relicto
491 1296 529 1354 ad
548 1297 681 1373 Tanaim,
701 1317 758 1374 quo
777 1297 981 1372 contenderat,
1002 1295 1134 1371 perrexit
1151 1297 1309 1370 castraque
1329 1313 1375 1354 se-

163 1409 189 1447 rs
203 1387 332 1446 cundum
359 1384 469 1442 flumen
498 1385 666 1444 collocauit.
707 1384 828 1444 interim
852 1384 1031 1460 Scytharum
1059 1383 1221 1458 imperator
1247 1384 1376 1442 fratrem

203 1493 289 1532 suum
319 1471 469 1531 Carcasim
497 1490 565 1530 cum
594 1473 678 1547 copia
702 1491 812 1548 magna
834 1472 930 1545 misit,
959 1472 1011 1547 qui
1037 1471 1240 1530 Alexandrum
1264 1473 1376 1532 flumen

167 1560 332 1623 ttransire
357 1559 538 1635 prohiberet.
597 1559 703 1619 deinde
727 1560 895 1619 Alexandro
921 1560 1080 1620 nuntiatur
1104 1559 1316 1635 Stiphamenen
1345 1564 1377 1620 et

158 1668 184 1709 rs
203 1649 349 1709 Oattenen
369 1650 406 1708 ab
425 1648 556 1708 amicitia
575 1648 746 1708 discessisse
766 1652 796 1708 et
819 1647 976 1708 Graiorum
995 1648 1120 1726 copiam,
1139 1667 1229 1724 quam
1250 1649 1281 1707 in
1300 1667 1376 1724 agro

202 1739 286 1814 regio
312 1756 379 1797 cum
404 1737 590 1812 praesidibus
615 1737 791 1813 reliquerat,
819 1737 940 1813 fugasse
963 1736 1133 1813 multosque
1154 1737 1308 1814 occidisse;
1331 1757 1377 1797 re-

202 1827 300 1903 liquos
319 1827 349 1884 in
368 1824 516 1902 quendam
535 1827 633 1885 locum
652 1826 801 1885 munitum
822 1827 971 1886 cuneatim
996 1826 1166 1902 confugisse
1190 1825 1220 1883 in
1244 1827 1377 1901 praefec-

203 1918 273 1975 tura
292 1915 435 1974 Bactrina
454 1933 563 1990 eosque
583 1913 797 1991 Stiphamenen
819 1933 1000 1991 oppugnare.
1038 1915 1111 1974 haec
1135 1915 1186 1974 ubi
1204 1913 1389 1974 Alexander

204 2005 330 2077 audiuit,
357 2007 477 2079 praeter·
502 2004 747 2064 consuetudinem
769 2004 975 2079 indignissime
1001 2003 1073 2063 tulit
1097 2005 1274 2079 noctemque
1298 2003 1378 2063 circa

152 2101 189 2156 1⁰
204 2094 332 2152 offensas
355 2092 551 2168 peruigilauit
576 2092 607 2150 in
630 2093 797 2169 cogitando.
834 2093 937 2169 itaque
964 2095 1034 2151 ante
1059 2091 1252 2152 utilissimum
1277 2092 1377 2151 uisum

163 2202 189 2240 si
204 2183 250 2240 est
272 2181 312 2255 id,
336 2180 416 2254 quod
439 2180 595 2258 coepisset,
618 2198 820 2254 perseuerare.
870 2181 972 2256 itaque
994 2179 1140 2255 postridie
1163 2180 1299 2251 ratesin
1321 2182 1376 2239 flu·

203 2271 282 2328 mine
300 2266 385 2326 iubet
403 2269 551 2344 apparari.
589 2268 668 2343 quod
687 2268 863 2328 Macedones
888 2269 1019 2328 studiose
1042 2267 1107 2346 regi
1130 2272 1270 2344 parentes
1292 2268 1378 2329 breui

150 2378 189 2418 ror.
200 2370 252 2418 rusr
267 2374 275 2430 ΙΙ
294 2360 427 2431 tempore
442 2356 588 2429 fecerunt3
603 2347 612 2437 Η
628 2375 697 2414 nam
712 2355 770 2416 duo
789 2356 872 2415 milia
888 2357 998 2415 ratium
1016 2357 1178 2417 seeundum
1193 2357 1324 2417 fluminis
1339 2359 1378 2417 ri-

204 2465 273 2522 pam
288 2445 438 2503 destiuata
453 2445 641 2520 appulerunt.
670 2448 776 2520 postea
790 2445 951 2504 exercitum
970 2445 1089 2506 iuratis
1109 2446 1268 2506 ascendere
1287 2447 1378 2507 iussit

152 2540 187 2596 11
207 2535 350 2612 signoque
379 2534 449 2593 dato
477 2551 579 2593 omnes
609 2532 765 2594 rmiuersas
798 2535 914 2594 soluere
944 2535 1040 2594 iussit.
1087 2535 1190 2611 itaque
1219 2533 1250 2592 in
1280 2535 1377 2595 altum

165 2642 191 2681 se
206 2622 342 2700 prouecti
360 2622 472 2680 ratium
490 2621 682 2682 multitudine
700 2627 734 2682 ut
753 2622 872 2699 agmine
887 2623 1032 2699 quadrato
1047 2641 1101 2699 per
1115 2642 1254 2699 campum
1269 2643 1377 2684 acuon

206 2731 260 2788 per
278 2713 388 2770 flumen
402 2711 447 2770 ire
461 2710 650 2787 uidebantur,
669 2712 790 2772 barbari
804 2715 905 2772 autem
920 2712 1070 2773 mentibus
1085 2711 1228 2772 destinati
1241 2730 1300 2771 non
1314 2713 1379 2788 pati

208 2819 257 2861 eos
272 2800 429 2859 interram
444 2799 665 2860 descensionem
680 2801 787 2878 facere,
807 2800 859 2860 sed
873 2802 905 2860 in
918 2801 984 2877 ripa
998 2800 1067 2860 telis
1081 2800 1229 2861 contentis
1244 2803 1377 2875 praesto·

205 2890 354 2950 labantur.
391 2891 550 2964 postquam
569 2889 924 2950 mediumite1·fluminis
944 2890 1169 2967 praestiterunt,
1194 2889 1280 2965 signo
1307 2891 1377 2950 dato

165 3001 192 3040 ao
206 2978 381 3036 Macedones
401 2977 561 3035 clamorem
580 2979 779 3056 sustulerunt3
800 2980 890 3038 simul
909 2980 1037 3054 strepitu
1056 2998 1205 3038 remorum
1225 2996 1260 3037 ac
1279 2979 1378 3054 signo-

205 3086 272 3124 rum
299 3083 370 3124 sono
399 3065 607 3142 remigumque
635 3066 841 3127 cohortatione
870 3067 962 3126 animi
988 3062 1118 3124 militum
1146 3068 1376 3129 exacuebantur.

153 3163 190 3219 12
208 3154 329 3214 barbari
342 3155 443 3212 autem
457 3154 585 3213 elamore
599 3155 679 3214 fecto
691 3155 868 3215 Macedones
884 3153 1005 3231 sagittis
1021 3155 1186 3231 ceterisque
1200 3155 1270 3214 telis
1284 3155 1376 3232 figere

206 3246 380 3318 coeperunt3
399 3243 510 3302 multos
525 3243 697 3303 sauciarunt
710 3246 924 3321 conpluresque
944 3243 1114 3303 occiderunt
1128 3243 1203 3321 ideo,
1222 3244 1300 3320 quod
1315 3244 1377 3305 tela

153 3346 255 3394 runos·
268 3349 277 3406 ιι
298 3332 411 3391 euitare
430 3334 553 3407 propter
571 3333 726 3409 angustias
745 3334 829 3393 nullo
849 3332 935 3392 modo
953 3323 962 3412 ii
981 3334 1127 3408 poterant.
1161 3331 1267 3391 deinde
1285 3332 1391 3391 simul·

166 3424 287 3482 estates
315 3421 353 3479 ad
380 3420 478 3496 ripam
506 3424 707 3498 accesserunt,
739 3422 908 3481 Alexander
935 3424 1051 3480 turmas
1081 3421 1307 3497 impressionem
1335 3422 1377 3481 fa-

207 3529 273 3570 cere
292 3510 514 3586 phalangasque
534 3510 673 3584 consequi
692 3509 782 3569 iussit
795 3509 941 3585 breuique
954 3513 1097 3586 tempore,
1116 3513 1275 3586 postquam
1290 3510 1378 3586 primi

208 3599 306 3659 animo
325 3599 474 3658 constanti
492 3597 717 3674 impressionem
736 3599 882 3673 fecerunt,
904 3616 1006 3658 omnes
1030 3598 1151 3658 barbari
1175 3617 1206 3658 se
1225 3599 1256 3657 in
1274 3598 1377 3675 fugam

296 3767 572 3849 2oonstrincxerunt
662 3768 875 3851 tadhimerunt
965 3767 1067 3892 Ue}
1081 3767 1172 3822 deleui
1264 3768 1378 3841 6(ad>

208 3839 366 3910 suppleurl
396 3843 475 3894 lanar
498 3839 580 3910 [corr.
604 3855 636 3894 ex
661 3840 761 3912 ‘tanei’
786 3857 828 3908 pr.
846 3839 898 3910 m]
1001 3844 1016 3892 ‘l
1060 3854 1115 3893 rem
1138 3839 1173 3892 ad
1197 3837 1378 3910 Maracanda]

208 3940 318 4020 diem{
339 3945 516 3998 amarcadum
537 3945 603 4016 [fuit
621 3947 638 4000 d
658 3946 687 4000 in
705 3947 772 4019 raa]
850 3949 866 3999 8
886 3945 1014 4000 lacunam
1034 3942 1120 3998 statui
1208 3949 1240 3998 10
1260 3945 1353 4000 stadia
1373 3947 1376 4016 l

145 4059 150 4067 .
209 4015 369 4084 continuus]
394 4031 540 4085 conrugrus
636 4023 668 4072 12
693 4021 835 4083 scytarum
931 4022 963 4070 16
986 4014 1130 4084 praesidas
1223 4022 1255 4070 17
1279 4034 1377 4072 cunea-

208 4087 271 4158 tim]
296 4085 440 4154 genuatim
543 4093 578 4140 20
601 4089 731 4159 offensas]
757 4088 891 4153 offensus;
917 4103 987 4141 corr.
1006 4085 1196 4140 Reitzenstein
1220 4089 1225 4154 Ι
1250 4087 1279 4141 in
1303 4089 1378 4156 cogi·

208 4157 307 4228 tando]
326 4157 355 4210 in
373 4150 400 4233 ξ
419 4155 568 4226 cogitando
588 4158 657 4242 [fuit
674 4176 694 4229 g
712 4161 741 4212 in
760 4158 827 4228 rau]
902 4165 933 4212 21
954 4156 996 4229 id]
1016 4157 1045 4211 et
1060 4161 1064 4226 Ι
1081 4157 1156 4226 quo!
1178 4157 1344 4227 posttridie

209 4235 243 4283 24
262 4228 431 4284 destinatam
504 4235 538 4283 25
557 4247 687 4286 uniuersa
758 4236 792 4285 26
810 4229 929 4299 profecti
1001 4236 1035 4284 80
1058 4229 1205 4298 strepitum
1277 4236 1377 4286 3110-

208 4318 274 4354 num
300 4303 304 4369 Ι
330 4300 545 4379 exacuebantur]
566 4303 804 4372 exsequebantur;
828 4317 897 4357 corr.
917 4301 1103 4356 Reitzenstein
1184 4307 1218 4354 32
1239 4300 1343 4370 fingere

209 4412 243 4461 34
263 4386 394 4477 angustius
466 4411 500 4462 35
519 4409 611 4463 turma
683 4415 716 4464 3‘1
735 4407 957 4482 impressionem]
976 4407 1072 4464 littera
1085 4407 1187 4463 ultima
1199 4423 1288 4478 paene
1303 4407 1379 4464 eluta
