3014 4922
1131 2 1499 9 -Ἦ-

206 211 362 269 Alexandri
377 212 474 282 Magni
488 211 649 267 Macedonis
664 211 803 282 epitomae
817 228 910 266 rerum
924 213 1067 280 gestarum
1080 211 1153 266 liber
1166 211 1199 268 ΙΙ.
1245 212 1309 276 123

222 371 385 444 Graiorum]
401 371 435 427 cf.
450 377 517 438 413.
537 373 619 428 erant
632 374 726 428 eutem
737 371 858 428 maxima
868 376 993 443 exparte
1003 373 1174 442 prceoqopor,
1189 371 1271 442 pauci
1297 381 1361 434 sere

135 445 302 500 Macedones
321 445 395 514 (Art.
412 449 438 512 4,
453 448 479 510 3,
494 446 528 513 7).

221 532 251 588 in
270 547 340 602 agro
363 531 455 603 reio]
481 532 572 602 ‘ager’
598 529 768 587 uocabulum
790 533 844 586 hoc
868 532 930 589 loco
954 531 1030 586 idem
1052 530 1210 601 significare
1233 531 1310 586 nide-

135 605 181 658 tnr
198 605 285 672 atque
304 604 381 672 apud
395 549 455 657 hic.
475 602 511 655 ad
531 604 589 657 Att.
609 607 633 669 3,
650 607 691 670 15,
707 610 723 657 6
749 603 789 656 ‘in
808 605 908 657 tuosne
927 619 1009 674 agros
1029 603 1202 672 confugiam'
1223 602 1311 672 (apud

135 675 246 730 Homer.
265 692 287 742 ψ
304 679 364 728 139.
383 690 407 727 ω
423 677 473 728 206
488 673 582 741 ἀγρός,
602 677 637 728 cf.
652 672 805 728 Paeonium
819 673 948 743 Eutropii
962 675 1143 743 interpretem
1162 692 1188 742 p.
1201 679 1260 740 141,
1276 678 1309 727 17

121 743 242 816 bruya)
260 744 280 800 i.
295 761 319 800 e.
336 743 487 813 ‘Laudgnt
500 743 678 800 Besitatum'.
711 745 760 799 sed
780 744 949 799 monendum
968 747 1011 799 est
1030 761 1071 812 ee,
1090 760 1161 813 qnae
1175 745 1226 798 illo
1240 746 1310 799 tem·

135 833 201 886 pore
224 813 401 870 Maracandis
423 817 506 883 gesta
528 816 605 884 sunt,
629 818 726 871 nostro
749 816 812 869 loco
835 833 934 884 parum
954 817 1085 870 accurate
1109 817 1221 870 narrata
1243 831 1310 871 esse.

135 904 206 956 quse
225 903 282 955 quo
303 887 388 940 modo
407 902 437 939 re
456 901 524 940 nera
541 903 571 940 se
589 885 749 952 habuerint,
768 886 896 955 intellegi
914 889 1011 956 potest
1028 903 1069 943 ex.
1085 905 1125 954 gr.
1141 903 1174 940 ex
1189 885 1224 941 iis
1239 901 1311 956 quae

135 955 1310 1098 1111111111,11131111111111111111111111111·

137 1099 197 1167 sim,
216 1099 337 1153 lectores
357 1068 465 1167 deleg’o.
501 1115 534 1151 ex
548 1098 601 1166 his,
621 1114 693 1166 quae
708 1097 762 1152 uiri
776 1070 941 1165 dhctissimi,
957 1115 1026 1166 quos
1040 1099 1162 1163 laudam,
1179 1115 1312 1166 exposue-

138 1175 212 1236 runt,
237 1170 361 1239 apparet
385 1172 527 1224 auctorem
553 1171 689 1236 epitomes
712 1168 884 1237 praesidium
903 1168 938 1223 ab
959 1169 1115 1223 Alexandro
1135 1170 1311 1224 llaracandis

137 1240 263 1294 relictum
282 1255 430 1308 perperam
455 1256 518 1293 cum
543 1239 667 1294 exercitu
690 1239 733 1294 illi
757 1241 793 1293 ab
815 1255 884 1309 rege
905 1240 1010 1294 auxilio
1033 1238 1120 1293 misso
1144 1238 1310 1294 confudisse.

138 1313 184 1366 sed
202 1311 260 1366 iam
278 1310 316 1364 ad
335 1309 511 1378 propositum
525 1310 677 1365 redeamus.
709 1310 798 1378 ‘ager’
815 1309 903 1378 igitur
916 1311 965 1364 ille
982 1310 1097 1380 ‘regius’
1113 1311 1225 1364 uidetur
1239 1310 1311 1364 nihil

137 1383 212 1436 alind
231 1399 292 1436 esse
311 1398 396 1450 qnam
415 1382 579 1448 παράδειω(
597 1381 654 1448 ille,
672 1381 703 1434 in
722 1397 777 1449 qno
792 1379 954 1436 Aristobulo
973 1385 1045 1435 teste
1064 1383 1120 1449 (ap.
1135 1382 1196 1436 Arr.
1211 1388 1237 1447 4,
1248 1387 1273 1448 6,
1284 1385 1311 1446 1)

139 1452 303 1508 llacedones
319 1449 510 1522 Spitamenem
529 1451 734 1520 imprudentius
754 1452 894 1520 persecuti
912 1451 1040 1522 oppressi
1058 1454 1131 1506 sunt.
1164 1468 1235 1520 qnae
1250 1468 1312 1505 sen-

138 1524 227 1578 tentia
245 1522 290 1590 iis,
316 1537 387 1592 quae
406 1523 479 1580 carr.
501 1528 526 1591 7,
546 1527 571 1590 7,
590 1528 624 1576 32
650 1521 803 1591 (biluestre
822 1522 887 1576 iter’
908 1539 932 1578 e.
952 1541 978 1604 q.
997 1528 1029 1589 s.)
1048 1523 1151 1591 narrat,
1176 1521 1311 1578 firmatur.

139 1593 257 1663 deniqne
281 1592 357 1662 apud
379 1597 436 1648 lirr.
461 1609 573 1663 quoque
596 1592 718 1663 uestigia
742 1592 842 1647 similis
866 1594 1035 1649 narrationis
1058 1593 1229 1663 deprehendi
1248 1611 1310 1662 pos·

100 1729 103 1736 ¹
139 1667 210 1731 snut,
229 1681 297 1718 nam
317 1663 410 1718 uerbis
429 1663 485 1719 illis
505 1681 523 1718 a
541 1663 609 1718 uiris
628 1663 798 1719 doctissimis
818 1663 928 1734 saepius
948 1663 978 1718 in
997 1666 1184 1732 suspicionem
1203 1665 1312 1718 uocatis

138 1743 163 1802 4,
177 1741 233 1802 e,3
253 1737 282 1788 tc
299 1735 336 1788 τὰ
356 1735 541 1802 βαε11ειατῆε
560 1736 711 1801 (orbiculis
728 1734 800 1789 nihil
819 1734 896 1789 aliud
915 1735 1029 1789 subesse
1068 1734 1208 1789 utauerim
1227 1751 1312 1801 qnam

139 1807 309 1861 mentionem
337 1803 417 1858 huius
442 1805 617 1873 nupobeicoo.
654 1806 710 1858 iam
735 1805 898 1859 Sohmieder
924 1806 1008 1875 (apud
1060 1820 1166 1873 rueger.
1191 1803 1227 1857 ad
1246 1806 1273 1858 h.
1292 1805 1311 1859 l.

139 1895 164 1946 p.
180 1883 241 1938 171)
260 1875 421 1931 adnotanit:
447 1877 550 1931 ‘nonne
570 1875 702 1931 Arrianus
722 1877 776 1929 sibi
795 1875 964 1931 contradicit
983 1881 1007 1944 3,
1022 1881 1096 1942 30‚e
1115 1875 1252 1930 scribens:
1275 1877 1312 1929 τὰ

139 1949 168 2001 δὲ
186 1947 361 2016 Μαράκανδα
379 1948 433 2001 leri
452 1948 570 2013 βαε1λεια
592 1952 642 2014 τῆ(
661 1947 813 2014 (orticello
835 1948 927 2014 χώρα(
952 1947 982 2001 et
1004 1963 1077 2000 nunc
1101 1945 1195 2000 dicens
1220 1943 1312 2016 Spita·

140 2033 247 2072 nrenem
268 2035 286 2072 a
301 2015 476 2072 Maracandis
494 2017 673 2073 recedentem
692 2019 787 2086 petere
803 2017 961 2085 Sogdianos
978 2015 1117 2097 regiaml’
1138 2033 1224 2084 quam
1239 2017 1311 2069 disfi-

139 2088 273 2144 cnltstem
296 2086 433 2145 Francisc.
459 2089 494 2142 de
518 2089 646 2143 Schwarn
670 2107 697 2157 p.
712 2092 798 2157 41sq.
823 2087 969 2142 sustulisse
996 2087 1050 2141 nbi
1075 2085 1152 2140 uisus
1178 2090 1235 2153 est,
1263 2088 1311 2141 sed

139 2158 219 2213 ualde
238 2157 354 2214 errauit
386 2175 476 2228 neque
496 2159 570 2213 enim
588 2158 711 2228 primum
726 2176 760 2213 ex
774 2159 874 2213 Graeci
889 2158 1024 2213 sermonis
1038 2175 1091 2211 usu
1104 2156 1242 2212 articulus
1256 2158 1310 2213 hoc

139 2227 199 2284 loco
218 2229 287 2299 poni
305 2231 509 2299 potestasque
528 2230 679 2299 quicquam
697 2229 829 2296 colligere
850 2229 916 2284 licet
934 2245 968 2283 ex
987 2245 1029 2296 eo,
1047 2228 1123 2297 quod
1141 2228 1311 2284 uocabulum

139 2301 255 2366 βαείλεια
273 2300 349 2354 nude
366 2305 533 2371 neumatum
552 2304 602 2355 est.
640 2300 741 2356 deinde
760 2300 948 2355 Schwarninm
965 2301 1040 2369 fugit
1062 2303 1222 2369 satrapeam
1241 2300 1310 2354 Bac-

138 2371 292 2426 trianorum
311 2386 368 2424 non
383 2370 508 2426 ‘Bactra’
529 2374 660 2427 uocatam
679 2389 747 2441 esse,
769 2372 818 2426 sed
834 2371 1036 2426 ‘Bactrianam’
1058 2373 1086 2439 (ἡ
1102 2372 1258 2440 Βακτριανὴ
1273 2389 1310 2426 sc.

139 2443 238 2510 χώρα),
266 2457 435 2512 quamquem
457 2443 665 2497 concedendum
689 2447 732 2498 est
749 2459 957 2510 nonnumquam
981 2459 1083 2496 nomen
1107 2440 1222 2510 capitis,
1247 2441 1267 2497 i.
1287 2460 1311 2496 e.

139 2513 254 2581 Bactra,
280 2527 332 2580 pro
350 2511 464 2581 regione
483 2512 632 2568 Bactriana
650 2513 786 2582 usurpari.
824 2513 873 2568 sed
892 2515 963 2567 haec
982 2512 1041 2567 alia
1059 2528 1103 2566 res
1123 2518 1174 2569 est.
1213 2513 1312 2567 eodem

139 2585 231 2638 antem
251 2583 336 2637 modo
355 2582 526 2666 Sogdianam
546 2587 609 2654 (τὴν
628 2584 780 2666 (ογδρανήν
799 2601 837 2638 sc.
856 2585 961 2666 χώραν)
987 2581 1110 2651 regionis
1130 2599 1231 2636 nomen
1250 2599 1311 2637 esse

140 2655 1311 2793 11111,11111111111111111111111111111171

139 2793 229 2848 tentia
247 2794 334 2849 uerbo
354 2795 472 2860 βαε1λεια
490 2812 547 2849 non
565 2793 738 2864 significatur
757 2797 842 2864 caput
859 2793 982 2863 regionis
1001 2793 1172 2861 Sogdianos,
1195 2793 1243 2847 sed
1263 2793 1311 2848 do·

140 2881 200 2919 mus
219 2865 358 2932 quaedam
376 2867 467 2934 regie,
487 2865 577 2935 qualis
596 2884 638 2919 er.
656 2884 698 2934 gr.
717 2869 952 2920 commemoratur
971 2881 988 2917 a
1007 2865 1086 2920 Diod.
1107 2868 1150 2930 16,
1164 2869 1208 2932 41,
1225 2868 1241 2917 t
1260 2865 1311 2917 τὸν

140 2937 274 3001 βααλικὸν
296 2937 469 3005 παράδειεον,
492 2937 522 2990 ἐν
541 2939 564 3006 ᾧ
583 2937 633 2990 τὰ(
652 2938 810 2992 καταλὺεειε
828 2937 854 2990 ol
872 2941 931 2990 τῶν
949 2937 1065 3005 Περεῶν
1085 2938 1198 3002 turricle
1217 2935 1310 2988 εἰώθε-

139 3022 188 3061 (αν
204 3013 303 3060 ποιέίν.
340 3007 373 3061 cf.
392 3011 537 3075 praeterea
556 3006 631 3062 Ourt.
651 3012 676 3073 8,
692 3011 716 3074 1,
732 3013 766 3061 10
781 3026 841 3077 sqq.
864 3005 934 3061 Xen.
955 3025 988 3060 ex
1010 3050 1016 3062 .
1037 3005 1101 3075 Cyri
1121 3011 1185 3075 1,1,
1202 3011 1226 3062 7.
1248 3012 1270 3071 1,
1286 3009 1311 3072 4,

141 3081 181 3132 10.
209 3078 267 3132 iam
281 3077 377 3144 restat,
392 3079 424 3131 ut
437 3079 472 3130 de
486 3078 556 3144 loco,
572 3095 626 3146 quo
645 3081 808 3145 uupdbercoc
826 3076 875 3132 ille
894 3078 965 3132 situs
984 3027 1070 3133 lirisse
1087 3078 1209 3145 uidetur,
1224 3077 1311 3129 disse-

140 3164 240 3204 ramus.
277 3163 311 3202 ac
329 3149 449 3218 primurn
468 3147 581 3217 quidem
600 3146 727 3204 conicere
747 3151 813 3205 licet
831 3165 895 3203 eum
915 3151 988 3203 haud
1008 3151 1090 3218 longe
1114 3155 1143 3203 et
1162 3165 1179 3204 a
1198 3148 1312 3201 flumine

139 3217 310 3288 Polytimeto
329 3217 451 3274 abfuisse
482 3220 515 3273 ci.
536 3216 671 3274 Schwarz.
690 3239 717 3290 p.
734 3223 778 3292 62)
797 3229 826 3274 et
844 3236 861 3273 a
879 3218 1056 3274 Murco-undis
1078 3218 1124 3290 (cf.
1145 3219 1221 3274 Curi.
1242 3223 1267 3284 7,
1286 3221 1311 3283 9,

141 3295 181 3344 20.
201 3289 262 3344 Arr.
281 3293 307 3358 4,
326 3294 351 3358 6,
365 3295 382 3343 4
397 3307 437 3358 sq.
487 3288 597 3344 netzell.
617 3290 652 3343 ad
672 3290 747 3346 (lunt.
764 3300 788 3356 7,
805 3297 829 3359 7,
844 3297 877 3346 31
896 3309 923 3360 ρ.
939 3296 1011 3358 (tel).
1048 3306 1098 3360 per
1116 3289 1197 3370 illurn
1217 3290 1312 3341 autem

139 3361 304 3427 παράδειεον
328 3360 511 3430 Polytimetos
534 3359 645 3414 fluxisse
668 3362 779 3416 uidetur
802 3362 848 3431 (cf.
867 3363 928 3415 Arr.
948 3368 978 3428 4,
997 3365 1022 3429 b,
1042 3365 1078 3430 6).
1116 3361 1236 3428 denique
1256 3372 1311 3410 nou

139 3447 240 3501 magno
262 3445 307 3484 ere
325 3430 496 3501 repugnabo,
516 3430 540 3484 si
559 3430 621 3498 quis
640 3432 714 3487 hunc
731 3434 898 3502 uopdbercov
918 3433 1037 3485 eundem
1056 3431 1141 3484 fuisse
1158 3427 1313 3484 contendat

139 3497 1315 3642 111,1111111111111·1111111411111711111

140 3643 293 3712 κυνηγῐου),
311 3642 477 3712 praesertim
495 3659 558 3696 cum
576 3644 654 3712 regio
673 3644 818 3699 illahaud
837 3640 935 3714 procul
954 3660 971 3696 a
989 3638 1165 3696 Maracandis
1186 3638 1309 3693 abluisse

140 3713 269 3770 uideatur
288 3713 333 3782 (ci.
352 3712 492 3768 lluetsell.
512 3713 594 3768 adh.
615 3715 631 3768 1.
651 3733 677 3783 p.
693 3719 766 3784 713).

227 3810 291 3848 cum
310 3791 497 3874 praesidibus]
517 3794 552 3848 cf.
565 3799 587 3874 ,ξ
601 3798 635 3848 45
657 3797 731 3848 ‘oum
745 3791 983 3874 princi<pi>busj5
1012 3791 1062 3845 sed
1076 3789 1227 3872 haudnsucio
1241 3806 1279 3872 an
1303 3803 1367 3856 se,re

140 3863 300 3934 recipienda
318 3867 356 3918 sit
374 3863 585 3918 Reitzensteinu
603 3865 765 3920 coniectura
785 3864 826 3916 ‘1n
846 3859 1004 3932 praesidiis'
1026 3877 1077 3930 pro
1099 3860 1204 3916 codicis
1228 3878 1312 3930 scrip·

139 3937 203 3990 tnra
227 3935 301 3990 ‘cnm
324 3932 482 4003 praesidus'
507 3936 553 4004 (cf.
578 3952 618 3989 ex.
642 3952 683 4004 gr.
708 3935 767 3988 hin.
792 3939 879 4003 1,ee,
900 3935 936 4002 1).
973 3933 1098 3986 ceterum
1123 3949 1205 4001 quoru
1229 3931 1315 3986 Aler-

139 4005 226 4060 ander
244 4004 421 4060 llamcandis
439 4005 584 4074 reliquerit
606 4021 695 4075 neque
716 4004 776 4059 Arr.
790 4009 815 4072 1,
830 4010 873 4072 30,
888 4008 913 4058 6.
933 4008 958 4070 4,
973 4007 998 4083 a,
1014 4009 1030 4056 6
1049 4019 1138 4072 neque
1157 4003 1232 4057 Curt.
1249 4009 1273 4070 7,
1288 4009 1314 4071 6,

141 4082 181 4132 11,
201 4081 236 4130 24
260 4077 355 4130 tradit
393 4078 446 4132 hoc
470 4081 563 4132 antem
587 4077 724 4146 epitomes
748 4077 809 4130 loco
835 4077 894 4130 sine
918 4073 1004 4128 dubio
1025 4073 1236 4128 Andromaches
1256 4072 1313 4128 Me·

140 4146 274 4202 nedemns
293 4146 417 4202 Caranus
435 4147 614 4202 Pharnnohes
632 4150 703 4217 (Arr.
724 4152 749 4214 4,
769 4153 794 4214 3,
813 4149 841 4216 7)
861 4145 1045 4214 intellegendi
1064 4147 1136 4199 sunt.

223 4226 251 4280 in
267 4226 407 4293 quendam
421 4225 514 4281 locum
529 4225 680 4298 munitum]
701 4225 776 4280 Curt.
792 4231 816 4292 7,
832 4231 857 4290 7,
872 4227 907 4276 38
928 4223 987 4292 ‘qui
1007 4224 1086 4278 caedi
1105 4227 1276 4293 supererant,
1301 4233 1366 4286 ee,1r

138 4298 276 4352 tumulum
297 4298 382 4367 paulo
401 4314 486 4366 quam
505 4298 600 4352 cetera
618 4296 765 4352 editiorem
788 4313 822 4350 ca
843 4295 919 4352 iuntr
944 4309 1015 4362 quos
1035 4294 1210 4365 Spitamenes
1234 4294 1314 4346 obse·

139 4367 202 4424 dit’.
236 4369 285 4422 sed
307 4366 407 4422 ‘locus'
428 4367 477 4422 ille
498 4368 643 4422 ‘munitus’
664 4368 733 4422 nihil
753 4364 811 4419 aliu
851 4361 937 4420 luisse
957 4363 1070 4420 uidetur
1088 4381 1171 4433 quarn
1190 4379 1238 4416 arx
1255 4361 1313 4418 Ma·

1088 4457 1104 4508 11
