<?xml version="1.0" encoding="UTF-8"?>
<!DOCTYPE html PUBLIC "-//W3C//DTD XHTML 1.0 Transitional//EN"
    "http://www.w3.org/TR/xhtml1/DTD/xhtml1-transitional.dtd">
<html xmlns="http://www.w3.org/1999/xhtml" xml:lang="en" lang="en">
 <head>
  <title>
</title>
<meta http-equiv="Content-Type" content="text/html;charset=utf-8" />
  <meta name='ocr-system' content='tesseract 3.04.00' />
  <meta name='ocr-capabilities' content='ocr_page ocr_carea ocr_par ocr_line ocrx_word'/>
</head>
<body>
  <div class='ocr_page' id='page_1' title='image "./incertiauctoris00wagngoog_0037.png"; bbox 0 0 3014 4922; ppageno 0'>
   <div class='ocr_carea' id='block_1_1' title="bbox 214 257 887 328">
    <p class='ocr_par' dir='ltr' id='par_1_1' title="bbox 214 257 887 328">
     <span class='ocr_line' id='line_1_1' title="bbox 214 257 887 328; baseline 0.006 -4"><span class='ocrx_word' id='word_1_1' title='bbox 214 260 279 324; x_wconf 86' lang='lat'><strong>120</strong></span> <span class='ocrx_word' id='word_1_2' title='bbox 705 257 887 328; x_wconf 65' lang='lat' dir='ltr'><strong>curgaa.</strong></span> 
     </span>
    </p>
   </div>
   <div class='ocr_carea' id='block_1_2' title="bbox 214 415 1391 702">
    <p class='ocr_par' dir='ltr' id='par_1_2' title="bbox 214 415 1391 702">
     <span class='ocr_line' id='line_1_2' title="bbox 303 415 1391 490; baseline -0.003 -16"><span class='ocrx_word' id='word_1_3' title='bbox 303 419 405 474; x_wconf 89' lang='lat' dir='ltr'><strong>deinde</strong></span> <span class='ocrx_word' id='word_1_4' title='bbox 420 419 577 473; x_wconf 79' lang='lat' dir='ltr'><strong>Alexander</strong></span> <span class='ocrx_word' id='word_1_5' title='bbox 590 415 712 490; x_wconf 86' lang='lat' dir='ltr'><strong>audiuit]</strong></span> <span class='ocrx_word' id='word_1_6' title='bbox 728 416 804 474; x_wconf 81' lang='lat' dir='ltr'><strong>Ourt.</strong></span> <span class='ocrx_word' id='word_1_7' title='bbox 821 423 846 486; x_wconf 82' lang='lat'><strong>6,</strong></span> <span class='ocrx_word' id='word_1_8' title='bbox 862 422 886 484; x_wconf 88' lang='grc'><strong>6,</strong></span> <span class='ocrx_word' id='word_1_9' title='bbox 903 421 936 470; x_wconf 99' lang='grc'><strong>13</strong></span> <span class='ocrx_word' id='word_1_10' title='bbox 957 417 1070 471; x_wconf 77' lang='lat' dir='ltr'><strong>‘Bessus</strong></span> <span class='ocrx_word' id='word_1_11' title='bbox 1089 419 1166 471; x_wconf 86' lang='lat' dir='ltr'><strong>nesta</strong></span> <span class='ocrx_word' id='word_1_12' title='bbox 1180 415 1260 486; x_wconf 84' lang='lat' dir='ltr'><strong>regia</strong></span> <span class='ocrx_word' id='word_1_13' title='bbox 1279 418 1391 487; x_wconf 85' lang='lat' dir='ltr'><strong>aumpta</strong></span> 
     </span>
     <span class='ocr_line' id='line_1_3' title="bbox 214 488 1390 559; baseline -0.003 -13"><span class='ocrx_word' id='word_1_14' title='bbox 214 493 388 546; x_wconf 70' lang='lat' dir='ltr'><strong>Artaxerxen</strong></span> <span class='ocrx_word' id='word_1_15' title='bbox 407 489 546 559; x_wconf 90' lang='lat' dir='ltr'><strong>appellari</strong></span> <span class='ocrx_word' id='word_1_16' title='bbox 564 506 593 543; x_wconf 89' lang='lat' dir='ltr'><strong>se</strong></span> <span class='ocrx_word' id='word_1_17' title='bbox 611 488 752 544; x_wconf 66' lang='lat' dir='ltr'><strong>iusserat!</strong></span> <span class='ocrx_word' id='word_1_18' title='bbox 792 489 871 543; x_wconf 86' lang='lat' dir='ltr'>Diod.</span> <span class='ocrx_word' id='word_1_19' title='bbox 888 494 930 555; x_wconf 91' lang='grc'><strong>17,</strong></span> <span class='ocrx_word' id='word_1_20' title='bbox 946 495 988 555; x_wconf 83' lang='grc'><strong>71,</strong></span> <span class='ocrx_word' id='word_1_21' title='bbox 1006 493 1021 542; x_wconf 91' lang='grc'><strong>3</strong></span> <span class='ocrx_word' id='word_1_22' title='bbox 1042 488 1180 543; x_wconf 85' lang='grc' dir='ltr'>ἀνέδειξεν</span> <span class='ocrx_word' id='word_1_23' title='bbox 1199 489 1302 543; x_wconf 84' lang='grc' dir='ltr'>ἑαυτὸν</span> <span class='ocrx_word' id='word_1_24' title='bbox 1322 493 1390 554; x_wconf 91' lang='grc' dir='ltr'>βαςι-</span> 
     </span>
     <span class='ocr_line' id='line_1_4' title="bbox 214 558 1391 630; baseline -0.004 -13"><span class='ocrx_word' id='word_1_25' title='bbox 214 565 270 618; x_wconf 90' lang='grc' dir='ltr'>λέα.</span> <span class='ocrx_word' id='word_1_26' title='bbox 307 562 346 618; x_wconf 90' lang='lat' dir='ltr'><strong>id.</strong></span> <span class='ocrx_word' id='word_1_27' title='bbox 371 566 413 630; x_wconf 85' lang='grc'><strong>83,</strong></span> <span class='ocrx_word' id='word_1_28' title='bbox 432 566 450 614; x_wconf 89' lang='grc'><strong>3</strong></span> <span class='ocrx_word' id='word_1_29' title='bbox 472 561 584 614; x_wconf 86' lang='grc' dir='ltr'>ἀκούων</span> <span class='ocrx_word' id='word_1_30' title='bbox 606 560 657 614; x_wconf 84' lang='grc' dir='ltr'>τὸν</span> <span class='ocrx_word' id='word_1_31' title='bbox 681 561 783 627; x_wconf 84' lang='grc' dir='ltr'>Βῆςςον</span> <span class='ocrx_word' id='word_1_32' title='bbox 807 560 928 627; x_wconf 89' lang='grc' dir='ltr'>διάδημα</span> <span class='ocrx_word' id='word_1_33' title='bbox 951 559 1142 626; x_wconf 81' lang='grc' dir='ltr'>ἀνειληφέναι.</span> <span class='ocrx_word' id='word_1_34' title='bbox 1181 558 1241 613; x_wconf 90' lang='lat' dir='ltr'><strong>Arr.</strong></span> <span class='ocrx_word' id='word_1_35' title='bbox 1262 566 1292 624; x_wconf 86' lang='lat'><strong>3,</strong></span> <span class='ocrx_word' id='word_1_36' title='bbox 1312 564 1355 626; x_wconf 91' lang='grc'><strong>36,</strong></span> <span class='ocrx_word' id='word_1_37' title='bbox 1375 564 1391 612; x_wconf 81' lang='lat' dir='ltr'><strong>d</strong></span> 
     </span>
     <span class='ocr_line' id='line_1_5' title="bbox 215 629 1391 702; baseline -0.004 -14"><span class='ocrx_word' id='word_1_38' title='bbox 215 636 244 688; x_wconf 87' lang='grc' dir='ltr'><strong>ἐν</strong></span> <span class='ocrx_word' id='word_1_39' title='bbox 267 634 361 702; x_wconf 82' lang='grc' dir='ltr'>τούτῳ</span> <span class='ocrx_word' id='word_1_40' title='bbox 385 633 416 686; x_wconf 86' lang='grc' dir='ltr'><strong>δέ</strong></span> <span class='ocrx_word' id='word_1_41' title='bbox 439 633 621 699; x_wconf 75' lang='grc' dir='ltr'>ἀφικνοῦνται</span> <span class='ocrx_word' id='word_1_42' title='bbox 643 632 709 697; x_wconf 85' lang='grc' dir='ltr'>παρ’</span> <span class='ocrx_word' id='word_1_43' title='bbox 733 631 819 685; x_wconf 80' lang='grc' dir='ltr'>αὐτὸν</span> <span class='ocrx_word' id='word_1_44' title='bbox 842 632 958 699; x_wconf 80' lang='grc' dir='ltr'>Περςιίιν</span> <span class='ocrx_word' id='word_1_45' title='bbox 981 630 1062 698; x_wconf 87' lang='grc' dir='ltr'>τινές,</span> <span class='ocrx_word' id='word_1_46' title='bbox 1088 629 1115 683; x_wconf 84' lang='grc' dir='ltr'><strong>οἳ</strong></span> <span class='ocrx_word' id='word_1_47' title='bbox 1133 632 1269 696; x_wconf 73' lang='grc' dir='ltr'>ἤγγελλον</span> <span class='ocrx_word' id='word_1_48' title='bbox 1290 632 1391 697; x_wconf 84' lang='grc' dir='ltr'>Βῆςςον</span> 
     </span>
    </p>
   </div>
   <div class='ocr_carea' id='block_1_3' title="bbox 213 701 1503 771">
    <p class='ocr_par' dir='ltr' id='par_1_3' title="bbox 213 701 1503 771">
     <span class='ocr_line' id='line_1_6' title="bbox 213 701 1503 771; baseline -0.005 -12"><span class='ocrx_word' id='word_1_49' title='bbox 213 710 267 771; x_wconf 85' lang='grc' dir='ltr'>τὴν</span> <span class='ocrx_word' id='word_1_50' title='bbox 285 721 316 758; x_wconf 89' lang='grc' dir='ltr'><strong>τε</strong></span> <span class='ocrx_word' id='word_1_51' title='bbox 334 704 434 770; x_wconf 84' lang='grc' dir='ltr'>τιάραν</span> <span class='ocrx_word' id='word_1_52' title='bbox 453 703 542 769; x_wconf 80' lang='grc' dir='ltr'>ὀρθὴν</span> <span class='ocrx_word' id='word_1_53' title='bbox 557 703 628 768; x_wconf 83' lang='grc' dir='ltr'>ἔχειν</span> <span class='ocrx_word' id='word_1_54' title='bbox 643 704 687 756; x_wconf 91' lang='grc' dir='ltr'><strong>καί</strong></span> <span class='ocrx_word' id='word_1_55' title='bbox 705 705 759 768; x_wconf 85' lang='grc' dir='ltr'>τὴν</span> <span class='ocrx_word' id='word_1_56' title='bbox 773 703 914 770; x_wconf 87' lang='grc' dir='ltr'>Περςικὴν</span> <span class='ocrx_word' id='word_1_57' title='bbox 929 704 1029 768; x_wconf 87' lang='grc' dir='ltr'>ςτολὴν</span> <span class='ocrx_word' id='word_1_58' title='bbox 1047 706 1194 768; x_wconf 77' lang='grc' dir='ltr'>φοροῦντα</span> <span class='ocrx_word' id='word_1_59' title='bbox 1208 701 1392 770; x_wconf 83' lang='grc' dir='ltr'>Ἀρταξέρξην</span> <span class='ocrx_word' id='word_1_60' title='bbox 1502 735 1503 742; x_wconf 65' lang='lat'><strong>.</strong></span> 
     </span>
    </p>
   </div>
   <div class='ocr_carea' id='block_1_4' title="bbox 164 771 1392 1127">
    <p class='ocr_par' dir='ltr' id='par_1_4' title="bbox 164 771 1392 1127">
     <span class='ocr_line' id='line_1_7' title="bbox 214 771 1199 841; baseline -0.004 -11"><span class='ocrx_word' id='word_1_61' title='bbox 214 791 246 830; x_wconf 89' lang='grc' dir='ltr'><strong>τε</strong></span> <span class='ocrx_word' id='word_1_62' title='bbox 265 779 402 829; x_wconf 83' lang='grc' dir='ltr'>καλεῑςθαι</span> <span class='ocrx_word' id='word_1_63' title='bbox 421 775 482 827; x_wconf 86' lang='grc' dir='ltr'>ἀντί</span> <span class='ocrx_word' id='word_1_64' title='bbox 502 774 605 838; x_wconf 85' lang='grc' dir='ltr'>Βήςςου</span> <span class='ocrx_word' id='word_1_65' title='bbox 625 775 669 827; x_wconf 88' lang='grc' dir='ltr'><strong>καί</strong></span> <span class='ocrx_word' id='word_1_66' title='bbox 690 773 797 838; x_wconf 86' lang='grc' dir='ltr'>βαςιλέα</span> <span class='ocrx_word' id='word_1_67' title='bbox 817 774 931 841; x_wconf 88' lang='grc' dir='ltr'>φάςκειν</span> <span class='ocrx_word' id='word_1_68' title='bbox 945 773 1016 826; x_wconf 78' lang='grc' dir='ltr'>εἴναι</span> <span class='ocrx_word' id='word_1_69' title='bbox 1033 777 1085 840; x_wconf 80' lang='grc' dir='ltr'>τῆς</span> <span class='ocrx_word' id='word_1_70' title='bbox 1104 771 1199 826; x_wconf 89' lang='grc' dir='ltr'>Ἀςίας.</span> 
     </span>
     <span class='ocr_line' id='line_1_8' title="bbox 305 842 1390 915; baseline -0.003 -17"><span class='ocrx_word' id='word_1_71' title='bbox 305 844 420 915; x_wconf 90' lang='lat' dir='ltr'><strong>Besum]</strong></span> <span class='ocrx_word' id='word_1_72' title='bbox 443 843 485 897; x_wconf 85' lang='lat' dir='ltr'><strong>ita</strong></span> <span class='ocrx_word' id='word_1_73' title='bbox 507 860 616 912; x_wconf 90' lang='lat' dir='ltr'><strong>semper</strong></span> <span class='ocrx_word' id='word_1_74' title='bbox 639 844 713 913; x_wconf 88' lang='lat' dir='ltr'><strong>apud</strong></span> <span class='ocrx_word' id='word_1_75' title='bbox 736 845 810 899; x_wconf 91' lang='lat' dir='ltr'><strong>hunc</strong></span> <span class='ocrx_word' id='word_1_76' title='bbox 834 846 976 898; x_wconf 79' lang='lat' dir='ltr'><strong>auctorem</strong></span> <span class='ocrx_word' id='word_1_77' title='bbox 998 842 1133 898; x_wconf 85' lang='lat' dir='ltr'><strong>traditum</strong></span> <span class='ocrx_word' id='word_1_78' title='bbox 1158 845 1202 896; x_wconf 87' lang='lat' dir='ltr'><strong>est</strong></span> <span class='ocrx_word' id='word_1_79' title='bbox 1226 842 1256 896; x_wconf 91' lang='lat' dir='ltr'><strong>id</strong></span> <span class='ocrx_word' id='word_1_80' title='bbox 1279 858 1390 898; x_wconf 90' lang='lat' dir='ltr'><strong>nomen.</strong></span> 
     </span>
     <span class='ocr_line' id='line_1_9' title="bbox 217 915 580 983; baseline -0.008 -13"><span class='ocrx_word' id='word_1_81' title='bbox 217 917 298 970; x_wconf 87' lang='lat' dir='ltr'><strong>alibi:</strong></span> <span class='ocrx_word' id='word_1_82' title='bbox 318 917 426 983; x_wconf 83' lang='grc' dir='ltr'>Βῆςςος,</span> <span class='ocrx_word' id='word_1_83' title='bbox 447 915 580 969; x_wconf 78' lang='lat' dir='ltr'><strong>‘Bessus’</strong></span> 
     </span>
     <span class='ocr_line' id='line_1_10' title="bbox 164 983 1392 1057; baseline 0.002 -19"><span class='ocrx_word' id='word_1_84' title='bbox 164 998 195 1050; x_wconf 80' lang='grc' dir='ltr'><strong>οι,</strong></span> <span class='ocrx_word' id='word_1_85' title='bbox 202 1000 227 1038; x_wconf 77' lang='lat'><strong>12</strong></span> <span class='ocrx_word' id='word_1_86' title='bbox 306 985 474 1057; x_wconf 83' lang='lat' dir='ltr'><strong>†Gabisi0s]</strong></span> <span class='ocrx_word' id='word_1_87' title='bbox 492 983 623 1054; x_wconf 83' lang='lat' dir='ltr'><strong>Agriani,</strong></span> <span class='ocrx_word' id='word_1_88' title='bbox 647 1002 718 1054; x_wconf 89' lang='lat' dir='ltr'><strong>quae</strong></span> <span class='ocrx_word' id='word_1_89' title='bbox 737 1001 806 1054; x_wconf 89' lang='lat' dir='ltr'><strong>gens</strong></span> <span class='ocrx_word' id='word_1_90' title='bbox 825 985 961 1039; x_wconf 81' lang='lat' dir='ltr'><strong>Thraciae</strong></span> <span class='ocrx_word' id='word_1_91' title='bbox 980 984 1010 1038; x_wconf 93' lang='lat' dir='ltr'><strong>in</strong></span> <span class='ocrx_word' id='word_1_92' title='bbox 1029 983 1150 1038; x_wconf 84' lang='lat' dir='ltr'><strong>exercitu</strong></span> <span class='ocrx_word' id='word_1_93' title='bbox 1171 984 1322 1039; x_wconf 86' lang='lat' dir='ltr'><strong>Alexandri</strong></span> <span class='ocrx_word' id='word_1_94' title='bbox 1342 985 1392 1040; x_wconf 85' lang='lat' dir='ltr'><strong>sti·</strong></span> 
     </span>
     <span class='ocr_line' id='line_1_11' title="bbox 214 1055 1391 1127; baseline -0.002 -15"><span class='ocrx_word' id='word_1_95' title='bbox 214 1057 319 1127; x_wconf 88' lang='lat' dir='ltr'><strong>pendia</strong></span> <span class='ocrx_word' id='word_1_96' title='bbox 337 1057 440 1110; x_wconf 86' lang='lat' dir='ltr'><strong>meruit</strong></span> <span class='ocrx_word' id='word_1_97' title='bbox 458 1055 554 1110; x_wconf 89' lang='lat' dir='ltr'><strong>multis</strong></span> <span class='ocrx_word' id='word_1_98' title='bbox 572 1055 642 1110; x_wconf 90' lang='lat' dir='ltr'><strong>locis</strong></span> <span class='ocrx_word' id='word_1_99' title='bbox 662 1056 736 1126; x_wconf 91' lang='lat' dir='ltr'><strong>apud</strong></span> <span class='ocrx_word' id='word_1_100' title='bbox 750 1055 902 1110; x_wconf 82' lang='lat' dir='ltr'><strong>Alexandri</strong></span> <span class='ocrx_word' id='word_1_101' title='bbox 917 1057 1014 1123; x_wconf 86' lang='lat' dir='ltr'><strong>Magni</strong></span> <span class='ocrx_word' id='word_1_102' title='bbox 1033 1073 1124 1110; x_wconf 85' lang='lat' dir='ltr'><strong>rerum</strong></span> <span class='ocrx_word' id='word_1_103' title='bbox 1142 1055 1294 1124; x_wconf 85' lang='lat' dir='ltr'><strong>scriptores</strong></span> <span class='ocrx_word' id='word_1_104' title='bbox 1314 1071 1391 1110; x_wconf 94' lang='lat' dir='ltr'><strong>com-</strong></span> 
     </span>
    </p>
   </div>
   <div class='ocr_carea' id='block_1_5' title="bbox 215 1125 1504 1268">
    <p class='ocr_par' dir='ltr' id='par_1_5' title="bbox 215 1125 1504 1268">
     <span class='ocr_line' id='line_1_12' title="bbox 215 1125 1504 1196; baseline -0.002 -14"><span class='ocrx_word' id='word_1_105' title='bbox 215 1129 417 1194; x_wconf 88' lang='lat' dir='ltr'><strong>memorantur,</strong></span> <span class='ocrx_word' id='word_1_106' title='bbox 441 1127 490 1182; x_wconf 88' lang='lat' dir='ltr'><strong>sed</strong></span> <span class='ocrx_word' id='word_1_107' title='bbox 509 1126 585 1195; x_wconf 90' lang='lat' dir='ltr'><strong>quod</strong></span> <span class='ocrx_word' id='word_1_108' title='bbox 603 1142 704 1182; x_wconf 90' lang='lat' dir='ltr'><strong>nomen</strong></span> <span class='ocrx_word' id='word_1_109' title='bbox 728 1127 779 1182; x_wconf 90' lang='lat' dir='ltr'><strong>snb</strong></span> <span class='ocrx_word' id='word_1_110' title='bbox 799 1125 947 1196; x_wconf 78' lang='lat' dir='ltr'><strong>‘gabinios’</strong></span> <span class='ocrx_word' id='word_1_111' title='bbox 967 1127 1069 1194; x_wconf 89' lang='lat' dir='ltr'><strong>lateat,</strong></span> <span class='ocrx_word' id='word_1_112' title='bbox 1093 1126 1201 1181; x_wconf 89' lang='lat' dir='ltr'><strong>nescire</strong></span> <span class='ocrx_word' id='word_1_113' title='bbox 1224 1143 1269 1180; x_wconf 90' lang='lat' dir='ltr'><strong>me</strong></span> <span class='ocrx_word' id='word_1_114' title='bbox 1288 1126 1392 1180; x_wconf 87' lang='lat' dir='ltr'><strong>fateor.</strong></span> <span class='ocrx_word' id='word_1_115' title='bbox 1503 1171 1504 1196; x_wconf 84' lang='grc'><strong>,</strong></span> 
     </span>
     <span class='ocr_line' id='line_1_13' title="bbox 215 1196 1504 1268; baseline -0.003 -14"><span class='ocrx_word' id='word_1_116' title='bbox 215 1200 280 1254; x_wconf 89' lang='lat' dir='ltr'><strong>Keil</strong></span> <span class='ocrx_word' id='word_1_117' title='bbox 299 1197 450 1268; x_wconf 87' lang='lat' dir='ltr'><strong>aliquando</strong></span> <span class='ocrx_word' id='word_1_118' title='bbox 474 1196 627 1253; x_wconf 79' lang='lat' dir='ltr'><strong>‘Gabesios’</strong></span> <span class='ocrx_word' id='word_1_119' title='bbox 647 1197 824 1268; x_wconf 89' lang='lat' dir='ltr'><strong>reponendos</strong></span> <span class='ocrx_word' id='word_1_120' title='bbox 848 1213 910 1253; x_wconf 85' lang='lat' dir='ltr'><strong>esse</strong></span> <span class='ocrx_word' id='word_1_121' title='bbox 929 1198 1049 1264; x_wconf 87' lang='lat' dir='ltr'><strong>censuit,</strong></span> <span class='ocrx_word' id='word_1_122' title='bbox 1078 1197 1127 1264; x_wconf 89' lang='lat' dir='ltr'><strong>qui</strong></span> <span class='ocrx_word' id='word_1_123' title='bbox 1151 1199 1247 1251; x_wconf 87' lang='lat' dir='ltr'><strong>tamen</strong></span> <span class='ocrx_word' id='word_1_124' title='bbox 1270 1198 1393 1267; x_wconf 88' lang='lat' dir='ltr'><strong>populns</strong></span> <span class='ocrx_word' id='word_1_125' title='bbox 1503 1205 1504 1220; x_wconf 66' lang='lat'>¹</span> 
     </span>
    </p>
   </div>
   <div class='ocr_carea' id='block_1_6' title="bbox 165 1267 1446 1621">
    <p class='ocr_par' dir='ltr' id='par_1_6' title="bbox 214 1267 1392 1338">
     <span class='ocr_line' id='line_1_14' title="bbox 214 1267 1392 1338; baseline -0.002 -14"><span class='ocrx_word' id='word_1_126' title='bbox 214 1271 351 1325; x_wconf 76' lang='lat' dir='ltr'><strong>Thraciae</strong></span> <span class='ocrx_word' id='word_1_127' title='bbox 375 1268 487 1323; x_wconf 76' lang='lat' dir='ltr'><strong>disertis</strong></span> <span class='ocrx_word' id='word_1_128' title='bbox 513 1269 607 1322; x_wconf 88' lang='lat' dir='ltr'><strong>uerbis</strong></span> <span class='ocrx_word' id='word_1_129' title='bbox 639 1270 714 1338; x_wconf 87' lang='lat' dir='ltr'><strong>apud</strong></span> <span class='ocrx_word' id='word_1_130' title='bbox 741 1268 849 1323; x_wconf 88' lang='lat' dir='ltr'><strong>nullum</strong></span> <span class='ocrx_word' id='word_1_131' title='bbox 878 1267 1041 1338; x_wconf 92' lang='lat' dir='ltr'><strong>scriptorem</strong></span> <span class='ocrx_word' id='word_1_132' title='bbox 1074 1267 1209 1322; x_wconf 77' lang='lat' dir='ltr'><strong>historiae</strong></span> <span class='ocrx_word' id='word_1_133' title='bbox 1237 1268 1392 1323; x_wconf 88' lang='lat' dir='ltr'><strong>Alexandri</strong></span> 
     </span>
    </p>

    <p class='ocr_par' dir='ltr' id='par_1_7' title="bbox 216 1337 1446 1410">
     <span class='ocr_line' id='line_1_15' title="bbox 216 1337 1446 1410; baseline -0.003 -15"><span class='ocrx_word' id='word_1_134' title='bbox 216 1340 283 1410; x_wconf 90' lang='lat' dir='ltr'><strong>(nisi</strong></span> <span class='ocrx_word' id='word_1_135' title='bbox 299 1340 393 1408; x_wconf 87' lang='lat' dir='ltr'><strong>fallor)</strong></span> <span class='ocrx_word' id='word_1_136' title='bbox 412 1341 655 1395; x_wconf 78' lang='lat' dir='ltr'><strong>commemoratur.</strong></span> <span class='ocrx_word' id='word_1_137' title='bbox 692 1340 726 1395; x_wconf 94' lang='lat' dir='ltr'><strong>de</strong></span> <span class='ocrx_word' id='word_1_138' title='bbox 745 1339 853 1395; x_wconf 83' lang='lat' dir='ltr'><strong>Gabesc</strong></span> <span class='ocrx_word' id='word_1_139' title='bbox 871 1340 917 1394; x_wconf 92' lang='lat' dir='ltr'><strong>uel</strong></span> <span class='ocrx_word' id='word_1_140' title='bbox 936 1339 1058 1394; x_wconf 78' lang='lat' dir='ltr'><strong>(labasse</strong></span> <span class='ocrx_word' id='word_1_141' title='bbox 1078 1339 1112 1392; x_wconf 90' lang='lat' dir='ltr'><strong>cf.</strong></span> <span class='ocrx_word' id='word_1_142' title='bbox 1132 1337 1214 1395; x_wconf 89' lang='lat' dir='ltr'><strong>Hom.</strong></span> <span class='ocrx_word' id='word_1_143' title='bbox 1230 1338 1262 1392; x_wconf 90' lang='lat' dir='ltr'><strong>ll.</strong></span> <span class='ocrx_word' id='word_1_144' title='bbox 1280 1343 1323 1406; x_wconf 90' lang='grc'><strong>13,</strong></span> <span class='ocrx_word' id='word_1_145' title='bbox 1340 1343 1393 1394; x_wconf 84' lang='grc'><strong>363</strong></span> <span class='ocrx_word' id='word_1_146' title='bbox 1440 1371 1446 1380; x_wconf 85' lang='lat'>·</span> 
     </span>
    </p>

    <p class='ocr_par' dir='ltr' id='par_1_8' title="bbox 165 1411 1195 1621">
     <span class='ocr_line' id='line_1_16' title="bbox 216 1411 1161 1552; baseline 0 -18"><span class='ocrx_word' id='word_1_147' title='bbox 216 1416 245 1465; x_wconf 58' lang='lat' dir='ltr'><strong>et</strong></span> <span class='ocrx_word' id='word_1_148' title='bbox 263 1411 410 1536; x_wconf 42' lang='lat' dir='ltr'><strong>schssffi</strong></span> <span class='ocrx_word' id='word_1_149' title='bbox 424 1411 522 1552; x_wconf 41' lang='lat' dir='ltr'><strong>insls&#39;it]</strong></span> <span class='ocrx_word' id='word_1_150' title='bbox 543 1481 576 1534; x_wconf 91' lang='lat' dir='ltr'><strong>cf.</strong></span> <span class='ocrx_word' id='word_1_151' title='bbox 596 1486 611 1545; x_wconf 66' lang='grc' dir='ltr'><strong>ς</strong></span> <span class='ocrx_word' id='word_1_152' title='bbox 627 1486 659 1535; x_wconf 92' lang='grc'><strong>61</strong></span> <span class='ocrx_word' id='word_1_153' title='bbox 681 1481 776 1535; x_wconf 79' lang='lat' dir='ltr'><strong>‘iussit</strong></span> <span class='ocrx_word' id='word_1_154' title='bbox 792 1482 826 1535; x_wconf 89' lang='lat' dir='ltr'><strong>nt</strong></span> <span class='ocrx_word' id='word_1_155' title='bbox 843 1480 947 1535; x_wconf 76' lang='lat' dir='ltr'><strong>milites</strong></span> <span class='ocrx_word' id='word_1_156' title='bbox 966 1481 1161 1536; x_wconf 90' lang='lat' dir='ltr'><strong>armarentur.&#39;</strong></span> 
     </span>
     <span class='ocr_line' id='line_1_17' title="bbox 165 1550 1195 1621; baseline 0.001 -17"><span class='ocrx_word' id='word_1_157' title='bbox 165 1564 229 1616; x_wconf 65' lang='lat' dir='ltr'><strong>aare</strong></span> <span class='ocrx_word' id='word_1_158' title='bbox 310 1551 517 1620; x_wconf 87' lang='lat' dir='ltr'><strong>confidentiam]</strong></span> <span class='ocrx_word' id='word_1_159' title='bbox 537 1550 572 1607; x_wconf 87' lang='lat' dir='ltr'><strong>cf.</strong></span> <span class='ocrx_word' id='word_1_160' title='bbox 592 1551 688 1608; x_wconf 87' lang='lat' dir='ltr'><strong>Krcbs.</strong></span> <span class='ocrx_word' id='word_1_161' title='bbox 727 1551 953 1607; x_wconf 78' lang='lat' dir='ltr'><strong>‘Antibarbarns’</strong></span> <span class='ocrx_word' id='word_1_162' title='bbox 974 1551 987 1604; x_wconf 94' lang='lat' dir='ltr'>I</span> <span class='ocrx_word' id='word_1_163' title='bbox 1005 1570 1032 1621; x_wconf 92' lang='lat' dir='ltr'><strong>p.</strong></span> <span class='ocrx_word' id='word_1_164' title='bbox 1048 1557 1108 1606; x_wconf 87' lang='grc'><strong>303.</strong></span> <span class='ocrx_word' id='word_1_165' title='bbox 1129 1571 1149 1605; x_wconf 91' lang='lat' dir='ltr'><strong>e.</strong></span> <span class='ocrx_word' id='word_1_166' title='bbox 1168 1569 1195 1605; x_wconf 85' lang='lat' dir='ltr'><strong>v.</strong></span> 
     </span>
    </p>
   </div>
   <div class='ocr_carea' id='block_1_7' title="bbox 306 1620 1505 1692">
    <p class='ocr_par' dir='ltr' id='par_1_9' title="bbox 306 1620 1505 1692">
     <span class='ocr_line' id='line_1_18' title="bbox 306 1620 1505 1692; baseline 0.003 -14"><span class='ocrx_word' id='word_1_167' title='bbox 306 1622 474 1692; x_wconf 81' lang='lat' dir='ltr'><strong>admiratus]</strong></span> <span class='ocrx_word' id='word_1_168' title='bbox 493 1621 527 1676; x_wconf 88' lang='lat' dir='ltr'><strong>cf.</strong></span> <span class='ocrx_word' id='word_1_169' title='bbox 547 1620 816 1691; x_wconf 82' lang='lat' dir='ltr'><strong>Fabri-Heerwagen</strong></span> <span class='ocrx_word' id='word_1_170' title='bbox 835 1622 872 1676; x_wconf 88' lang='lat' dir='ltr'><strong>ad</strong></span> <span class='ocrx_word' id='word_1_171' title='bbox 886 1623 946 1679; x_wconf 77' lang='lat' dir='ltr'><strong>nin.</strong></span> <span class='ocrx_word' id='word_1_172' title='bbox 961 1628 1005 1690; x_wconf 87' lang='grc'><strong>33,</strong></span> <span class='ocrx_word' id='word_1_173' title='bbox 1019 1627 1092 1692; x_wconf 90' lang='grc'><strong>30,1</strong></span> <span class='ocrx_word' id='word_1_174' title='bbox 1113 1639 1140 1691; x_wconf 90' lang='lat' dir='ltr'><strong>p.</strong></span> <span class='ocrx_word' id='word_1_175' title='bbox 1157 1627 1217 1677; x_wconf 86' lang='grc'><strong>333.</strong></span> <span class='ocrx_word' id='word_1_176' title='bbox 1255 1621 1340 1677; x_wconf 78' lang='lat' dir='ltr'><strong>Fabri</strong></span> <span class='ocrx_word' id='word_1_177' title='bbox 1357 1623 1394 1677; x_wconf 88' lang='lat' dir='ltr'><strong>ad</strong></span> <span class='ocrx_word' id='word_1_178' title='bbox 1504 1671 1505 1682; x_wconf 44' lang='grc' dir='ltr'>ι</span> 
     </span>
    </p>
   </div>
   <div class='ocr_carea' id='block_1_8' title="bbox 165 1693 1399 1974">
    <p class='ocr_par' dir='ltr' id='par_1_10' title="bbox 165 1693 1399 1974">
     <span class='ocr_line' id='line_1_19' title="bbox 165 1693 1399 1835; baseline 0 -17"><span class='ocrx_word' id='word_1_179' title='bbox 165 1694 286 1828; x_wconf 40' lang='lat' dir='ltr'><strong>ernian</strong></span> <span class='ocrx_word' id='word_1_180' title='bbox 304 1693 441 1835; x_wconf 40' lang='lat' dir='ltr'><strong>Quiriti</strong></span> <span class='ocrx_word' id='word_1_181' title='bbox 453 1698 713 1830; x_wconf 49' lang='lat' dir='ltr'><strong>{celsiniacense</strong></span> <span class='ocrx_word' id='word_1_182' title='bbox 733 1766 762 1819; x_wconf 89' lang='lat' dir='ltr'><strong>et</strong></span> <span class='ocrx_word' id='word_1_183' title='bbox 779 1781 851 1832; x_wconf 88' lang='lat' dir='ltr'><strong>quae</strong></span> <span class='ocrx_word' id='word_1_184' title='bbox 866 1766 997 1819; x_wconf 87' lang='lat' dir='ltr'><strong>secuntur</strong></span> <span class='ocrx_word' id='word_1_185' title='bbox 1010 1780 1109 1834; x_wconf 87' lang='lat' dir='ltr'><strong>parum</strong></span> <span class='ocrx_word' id='word_1_186' title='bbox 1128 1767 1259 1818; x_wconf 84' lang='lat' dir='ltr'><strong>accurate</strong></span> <span class='ocrx_word' id='word_1_187' title='bbox 1278 1731 1399 1818; x_wconf 34' lang='lat' dir='ltr'><strong>narrata.</strong></span> 
     </span>
     <span class='ocr_line' id='line_1_20' title="bbox 218 1834 1393 1904; baseline 0.001 -14"><span class='ocrx_word' id='word_1_188' title='bbox 218 1852 278 1890; x_wconf 88' lang='lat' dir='ltr'><strong>esse</strong></span> <span class='ocrx_word' id='word_1_189' title='bbox 307 1835 402 1904; x_wconf 79' lang='lat' dir='ltr'><strong>colligi</strong></span> <span class='ocrx_word' id='word_1_190' title='bbox 431 1838 524 1903; x_wconf 85' lang='lat' dir='ltr'><strong>potest</strong></span> <span class='ocrx_word' id='word_1_191' title='bbox 552 1852 585 1888; x_wconf 82' lang='lat' dir='ltr'><strong>ex</strong></span> <span class='ocrx_word' id='word_1_192' title='bbox 612 1835 672 1891; x_wconf 90' lang='lat' dir='ltr'><strong>Arr.</strong></span> <span class='ocrx_word' id='word_1_193' title='bbox 692 1840 722 1902; x_wconf 88' lang='lat'><strong>3,</strong></span> <span class='ocrx_word' id='word_1_194' title='bbox 746 1841 794 1904; x_wconf 92' lang='grc'><strong>36,</strong></span> <span class='ocrx_word' id='word_1_195' title='bbox 817 1843 903 1904; x_wconf 77' lang='grc' dir='ltr'>άοηη.</span> <span class='ocrx_word' id='word_1_196' title='bbox 947 1835 982 1889; x_wconf 86' lang='grc' dir='ltr'><strong>οί.</strong></span> <span class='ocrx_word' id='word_1_197' title='bbox 1012 1834 1096 1890; x_wconf 89' lang='lat' dir='ltr'><strong>etiam</strong></span> <span class='ocrx_word' id='word_1_198' title='bbox 1125 1834 1206 1891; x_wconf 89' lang='lat' dir='ltr'><strong>Diod.</strong></span> <span class='ocrx_word' id='word_1_199' title='bbox 1231 1840 1393 1903; x_wconf 89' lang='grc'><strong>17,78,1.</strong></span> 
     </span>
     <span class='ocr_line' id='line_1_21' title="bbox 218 1907 503 1974; baseline -0.004 -12"><span class='ocrx_word' id='word_1_200' title='bbox 218 1907 293 1962; x_wconf 81' lang='lat' dir='ltr'><strong>Cart.</strong></span> <span class='ocrx_word' id='word_1_201' title='bbox 309 1913 334 1974; x_wconf 96' lang='grc'><strong>6,</strong></span> <span class='ocrx_word' id='word_1_202' title='bbox 353 1912 379 1974; x_wconf 89' lang='grc'><strong>6,</strong></span> <span class='ocrx_word' id='word_1_203' title='bbox 398 1911 432 1962; x_wconf 89' lang='grc'><strong>30</strong></span> <span class='ocrx_word' id='word_1_204' title='bbox 443 1923 503 1974; x_wconf 86' lang='lat' dir='ltr'><strong>eqq.</strong></span> 
     </span>
    </p>
   </div>
   <div class='ocr_carea' id='block_1_9' title="bbox 306 1984 1392 2056">
    <p class='ocr_par' dir='ltr' id='par_1_11' title="bbox 306 1984 1392 2056">
     <span class='ocr_line' id='line_1_22' title="bbox 306 1984 1392 2056; baseline -0.002 -15"><span class='ocrx_word' id='word_1_205' title='bbox 306 1985 343 2041; x_wconf 87' lang='lat' dir='ltr'><strong>ad</strong></span> <span class='ocrx_word' id='word_1_206' title='bbox 366 1986 460 2056; x_wconf 87' lang='lat' dir='ltr'><strong>Arios]</strong></span> <span class='ocrx_word' id='word_1_207' title='bbox 484 1985 513 2039; x_wconf 92' lang='lat' dir='ltr'><strong>in</strong></span> <span class='ocrx_word' id='word_1_208' title='bbox 536 1985 570 2040; x_wconf 93' lang='lat' dir='ltr'><strong>iis</strong></span> <span class='ocrx_word' id='word_1_209' title='bbox 594 2001 666 2054; x_wconf 88' lang='lat' dir='ltr'><strong>quae</strong></span> <span class='ocrx_word' id='word_1_210' title='bbox 694 1988 824 2041; x_wconf 81' lang='lat' dir='ltr'><strong>cocuntur</strong></span> <span class='ocrx_word' id='word_1_211' title='bbox 847 1985 914 2055; x_wconf 91' lang='lat' dir='ltr'><strong>quin</strong></span> <span class='ocrx_word' id='word_1_212' title='bbox 940 1984 1159 2040; x_wconf 80' lang='lat' dir='ltr'><strong>‘Satibarzanes&#39;</strong></span> <span class='ocrx_word' id='word_1_213' title='bbox 1184 1985 1392 2054; x_wconf 78' lang='lat' dir='ltr'><strong>intellegendus</strong></span> 
     </span>
    </p>
   </div>
   <div class='ocr_carea' id='block_1_10' title="bbox 218 2053 1506 2126">
    <p class='ocr_par' dir='ltr' id='par_1_12' title="bbox 218 2053 1506 2126">
     <span class='ocr_line' id='line_1_23' title="bbox 218 2053 1506 2126; baseline -0.004 -15"><span class='ocrx_word' id='word_1_214' title='bbox 218 2057 266 2124; x_wconf 91' lang='lat' dir='ltr'><strong>sit,</strong></span> <span class='ocrx_word' id='word_1_215' title='bbox 285 2055 400 2110; x_wconf 89' lang='lat' dir='ltr'><strong>dubium</strong></span> <span class='ocrx_word' id='word_1_216' title='bbox 424 2073 480 2111; x_wconf 88' lang='lat' dir='ltr'><strong>non</strong></span> <span class='ocrx_word' id='word_1_217' title='bbox 504 2058 554 2111; x_wconf 90' lang='lat' dir='ltr'><strong>eet.</strong></span> <span class='ocrx_word' id='word_1_218' title='bbox 593 2058 688 2124; x_wconf 88' lang='lat' dir='ltr'><strong>itaque</strong></span> <span class='ocrx_word' id='word_1_219' title='bbox 712 2074 762 2125; x_wconf 91' lang='lat' dir='ltr'><strong>pro</strong></span> <span class='ocrx_word' id='word_1_220' title='bbox 788 2057 893 2126; x_wconf 86' lang='lat' dir='ltr'><strong>‘agros&#39;</strong></span> <span class='ocrx_word' id='word_1_221' title='bbox 914 2056 1012 2125; x_wconf 87' lang='lat' dir='ltr'><strong>scripsi</strong></span> <span class='ocrx_word' id='word_1_222' title='bbox 1026 2053 1136 2110; x_wconf 83' lang='lat' dir='ltr'><strong>.‘Arios’</strong></span> <span class='ocrx_word' id='word_1_223' title='bbox 1158 2056 1204 2124; x_wconf 90' lang='lat' dir='ltr'><strong>(cf.</strong></span> <span class='ocrx_word' id='word_1_224' title='bbox 1225 2055 1307 2111; x_wconf 92' lang='lat' dir='ltr'><strong>Diod.</strong></span> <span class='ocrx_word' id='word_1_225' title='bbox 1325 2057 1343 2112; x_wconf 90' lang='lat' dir='ltr'><strong>l.</strong></span> <span class='ocrx_word' id='word_1_226' title='bbox 1367 2074 1391 2112; x_wconf 90' lang='lat' dir='ltr'><strong>c.</strong></span> <span class='ocrx_word' id='word_1_227' title='bbox 1505 2097 1506 2106; x_wconf 70' lang='grc'><strong>,</strong></span> 
     </span>
    </p>
   </div>
   <div class='ocr_carea' id='block_1_11' title="bbox 216 2125 1393 2915">
    <p class='ocr_par' dir='ltr' id='par_1_13' title="bbox 216 2125 1393 2336">
     <span class='ocr_line' id='line_1_24' title="bbox 216 2125 1393 2196; baseline -0.002 -14"><span class='ocrx_word' id='word_1_228' title='bbox 216 2130 267 2183; x_wconf 89' lang='grc' dir='ltr'>τὸν</span> <span class='ocrx_word' id='word_1_229' title='bbox 287 2128 392 2194; x_wconf 80' lang='grc' dir='ltr'>Ἀρεία(</span> <span class='ocrx_word' id='word_1_230' title='bbox 416 2129 558 2194; x_wconf 86' lang='grc' dir='ltr'>ςατράπην</span> <span class='ocrx_word' id='word_1_231' title='bbox 577 2129 791 2195; x_wconf 90' lang='grc' dir='ltr'>Σατιβαρζάνην.</span> <span class='ocrx_word' id='word_1_232' title='bbox 828 2128 902 2182; x_wconf 86' lang='lat' dir='ltr'><strong>Cnrt.</strong></span> <span class='ocrx_word' id='word_1_233' title='bbox 918 2133 944 2194; x_wconf 87' lang='grc'><strong>6,</strong></span> <span class='ocrx_word' id='word_1_234' title='bbox 962 2133 987 2194; x_wconf 91' lang='grc'><strong>6,</strong></span> <span class='ocrx_word' id='word_1_235' title='bbox 1007 2132 1041 2180; x_wconf 92' lang='grc'><strong>30</strong></span> <span class='ocrx_word' id='word_1_236' title='bbox 1061 2125 1288 2196; x_wconf 58' lang='lat' dir='ltr'><strong>‘Satibarzanen</strong></span> <span class='ocrx_word' id='word_1_237' title='bbox 1308 2144 1393 2196; x_wconf 90' lang='lat' dir='ltr'><strong>quam</strong></span> 
     </span>
     <span class='ocr_line' id='line_1_25' title="bbox 218 2194 1392 2268; baseline 0 -16"><span class='ocrx_word' id='word_1_238' title='bbox 218 2201 363 2266; x_wconf 86' lang='lat' dir='ltr'><strong>satrapeae</strong></span> <span class='ocrx_word' id='word_1_239' title='bbox 383 2197 514 2252; x_wconf 90' lang='lat' dir='ltr'><strong>Ariorum</strong></span> <span class='ocrx_word' id='word_1_240' title='bbox 533 2199 592 2267; x_wconf 89' lang='lat' dir='ltr'><strong>ipse</strong></span> <span class='ocrx_word' id='word_1_241' title='bbox 610 2197 809 2268; x_wconf 64' lang='lat' dir='ltr'><strong>praefecisset?</strong></span> <span class='ocrx_word' id='word_1_242' title='bbox 847 2199 907 2253; x_wconf 89' lang='lat' dir='ltr'><strong>Arr.</strong></span> <span class='ocrx_word' id='word_1_243' title='bbox 923 2205 948 2266; x_wconf 88' lang='grc'><strong>3,</strong></span> <span class='ocrx_word' id='word_1_244' title='bbox 962 2203 1006 2264; x_wconf 88' lang='grc'><strong>36,</strong></span> <span class='ocrx_word' id='word_1_245' title='bbox 1028 2203 1045 2251; x_wconf 94' lang='grc'><strong>6</strong></span> <span class='ocrx_word' id='word_1_246' title='bbox 1068 2199 1274 2266; x_wconf 89' lang='grc' dir='ltr'>Σατιβαρζάνης</span> <span class='ocrx_word' id='word_1_247' title='bbox 1293 2200 1309 2252; x_wconf 88' lang='grc' dir='ltr'>δ</span> <span class='ocrx_word' id='word_1_248' title='bbox 1329 2194 1392 2266; x_wconf 80' lang='grc' dir='ltr'><strong>Ἀρ-</strong></span> 
     </span>
     <span class='ocr_line' id='line_1_26' title="bbox 218 2269 462 2336; baseline -0.004 -13"><span class='ocrx_word' id='word_1_249' title='bbox 218 2269 284 2323; x_wconf 87' lang='grc' dir='ltr'>είυιν</span> <span class='ocrx_word' id='word_1_250' title='bbox 303 2269 462 2336; x_wconf 88' lang='grc' dir='ltr'>ςατράπης).</span> 
     </span>
    </p>

    <p class='ocr_par' dir='ltr' id='par_1_14' title="bbox 217 2347 1393 2915">
     <span class='ocr_line' id='line_1_27' title="bbox 307 2347 1392 2419; baseline 0.001 -18"><span class='ocrx_word' id='word_1_251' title='bbox 307 2347 495 2401; x_wconf 84' lang='lat' dir='ltr'><strong>Ariobacanes</strong></span> <span class='ocrx_word' id='word_1_252' title='bbox 510 2347 557 2416; x_wconf 94' lang='lat' dir='ltr'><strong>qni</strong></span> <span class='ocrx_word' id='word_1_253' title='bbox 572 2364 634 2400; x_wconf 90' lang='lat' dir='ltr'><strong>cum</strong></span> <span class='ocrx_word' id='word_1_254' title='bbox 646 2347 715 2402; x_wconf 91' lang='lat' dir='ltr'><strong>Beso</strong></span> <span class='ocrx_word' id='word_1_255' title='bbox 726 2347 840 2401; x_wconf 90' lang='lat' dir='ltr'><strong>Darium</strong></span> <span class='ocrx_word' id='word_1_256' title='bbox 854 2348 1045 2419; x_wconf 82' lang='lat' dir='ltr'><strong>interfecerat]</strong></span> <span class='ocrx_word' id='word_1_257' title='bbox 1061 2348 1270 2402; x_wconf 83' lang='lat' dir='ltr'><strong>‘Ariobacanes’</strong></span> <span class='ocrx_word' id='word_1_258' title='bbox 1283 2364 1392 2417; x_wconf 89' lang='lat' dir='ltr'><strong>semper</strong></span> 
     </span>
     <span class='ocr_line' id='line_1_28' title="bbox 217 2417 1392 2487; baseline 0 -14"><span class='ocrx_word' id='word_1_259' title='bbox 217 2418 354 2473; x_wconf 91' lang='lat' dir='ltr'><strong>traditum</strong></span> <span class='ocrx_word' id='word_1_260' title='bbox 378 2420 421 2473; x_wconf 89' lang='lat' dir='ltr'><strong>eet</strong></span> <span class='ocrx_word' id='word_1_261' title='bbox 443 2418 473 2472; x_wconf 91' lang='lat' dir='ltr'><strong>in</strong></span> <span class='ocrx_word' id='word_1_262' title='bbox 495 2419 549 2472; x_wconf 91' lang='lat' dir='ltr'><strong>hac</strong></span> <span class='ocrx_word' id='word_1_263' title='bbox 572 2418 707 2487; x_wconf 83' lang='lat' dir='ltr'><strong>epitome,</strong></span> <span class='ocrx_word' id='word_1_264' title='bbox 734 2417 803 2473; x_wconf 91' lang='lat' dir='ltr'><strong>alibi</strong></span> <span class='ocrx_word' id='word_1_265' title='bbox 830 2419 1057 2487; x_wconf 88' lang='grc' dir='ltr'>Ἀριοβαρζάνης,</span> <span class='ocrx_word' id='word_1_266' title='bbox 1082 2419 1318 2474; x_wconf 78' lang='lat' dir='ltr'><strong>‘Ariobarzanes’</strong></span> <span class='ocrx_word' id='word_1_267' title='bbox 1356 2420 1392 2473; x_wconf 88' lang='lat' dir='ltr'><strong>ad</strong></span> 
     </span>
     <span class='ocr_line' id='line_1_29' title="bbox 217 2490 1393 2558; baseline 0 -14"><span class='ocrx_word' id='word_1_268' title='bbox 217 2508 276 2544; x_wconf 88' lang='lat' dir='ltr'><strong>rem</strong></span> <span class='ocrx_word' id='word_1_269' title='bbox 295 2490 329 2544; x_wconf 93' lang='lat' dir='ltr'><strong>cf.</strong></span> <span class='ocrx_word' id='word_1_270' title='bbox 348 2490 409 2545; x_wconf 90' lang='lat' dir='ltr'><strong>Arr.</strong></span> <span class='ocrx_word' id='word_1_271' title='bbox 424 2496 448 2556; x_wconf 94' lang='grc'><strong>3,</strong></span> <span class='ocrx_word' id='word_1_272' title='bbox 469 2494 516 2556; x_wconf 88' lang='grc'><strong>31,</strong></span> <span class='ocrx_word' id='word_1_273' title='bbox 540 2495 573 2544; x_wconf 91' lang='grc'><strong>10</strong></span> <span class='ocrx_word' id='word_1_274' title='bbox 596 2492 718 2557; x_wconf 75' lang='grc' dir='ltr'>Δαρεῖον</span> <span class='ocrx_word' id='word_1_275' title='bbox 741 2491 790 2558; x_wconf 87' lang='grc' dir='ltr'><strong>μέν</strong></span> <span class='ocrx_word' id='word_1_276' title='bbox 813 2491 1019 2558; x_wconf 86' lang='grc' dir='ltr'>Σατιβαρζάνης</span> <span class='ocrx_word' id='word_1_277' title='bbox 1044 2493 1089 2544; x_wconf 89' lang='grc' dir='ltr'><strong>καί</strong></span> <span class='ocrx_word' id='word_1_278' title='bbox 1113 2491 1286 2558; x_wconf 90' lang='grc' dir='ltr'>Βαρςαέντης</span> <span class='ocrx_word' id='word_1_279' title='bbox 1310 2508 1393 2546; x_wconf 88' lang='grc' dir='ltr'>κατα-</span> 
     </span>
     <span class='ocr_line' id='line_1_30' title="bbox 217 2559 1391 2630; baseline -0.001 -14"><span class='ocrx_word' id='word_1_280' title='bbox 217 2563 372 2629; x_wconf 88' lang='grc' dir='ltr'>τρώςαντες</span> <span class='ocrx_word' id='word_1_281' title='bbox 386 2562 473 2616; x_wconf 82' lang='grc' dir='ltr'>αὐτου</span> <span class='ocrx_word' id='word_1_282' title='bbox 489 2563 624 2616; x_wconf 87' lang='grc' dir='ltr'>ἀπέλιπον</span> <span class='ocrx_word' id='word_1_283' title='bbox 638 2564 701 2629; x_wconf 75' lang='lat' dir='ltr'><strong>etc,</strong></span> <span class='ocrx_word' id='word_1_284' title='bbox 716 2576 772 2630; x_wconf 92' lang='lat' dir='ltr'><strong>quo</strong></span> <span class='ocrx_word' id='word_1_285' title='bbox 786 2562 881 2615; x_wconf 87' lang='lat' dir='ltr'><strong>tamen</strong></span> <span class='ocrx_word' id='word_1_286' title='bbox 896 2562 958 2615; x_wconf 89' lang='lat' dir='ltr'><strong>loco</strong></span> <span class='ocrx_word' id='word_1_287' title='bbox 973 2560 1141 2616; x_wconf 86' lang='lat' dir='ltr'><strong>Schmieder.</strong></span> <span class='ocrx_word' id='word_1_288' title='bbox 1156 2559 1244 2629; x_wconf 86' lang='lat' dir='ltr'><strong>(apud</strong></span> <span class='ocrx_word' id='word_1_289' title='bbox 1257 2561 1391 2630; x_wconf 88' lang='lat' dir='ltr'><strong>Krneger.</strong></span> 
     </span>
     <span class='ocr_line' id='line_1_31' title="bbox 217 2631 1393 2702; baseline -0.001 -16"><span class='ocrx_word' id='word_1_290' title='bbox 217 2634 253 2686; x_wconf 89' lang='lat' dir='ltr'><strong>ad</strong></span> <span class='ocrx_word' id='word_1_291' title='bbox 272 2631 299 2686; x_wconf 92' lang='lat' dir='ltr'><strong>h.</strong></span> <span class='ocrx_word' id='word_1_292' title='bbox 319 2633 337 2688; x_wconf 94' lang='lat' dir='ltr'><strong>l.</strong></span> <span class='ocrx_word' id='word_1_293' title='bbox 356 2650 383 2701; x_wconf 80' lang='lat' dir='ltr'><strong>p,</strong></span> <span class='ocrx_word' id='word_1_294' title='bbox 400 2637 462 2701; x_wconf 83' lang='grc'><strong>161)</strong></span> <span class='ocrx_word' id='word_1_295' title='bbox 486 2649 537 2702; x_wconf 90' lang='lat' dir='ltr'><strong>pro</strong></span> <span class='ocrx_word' id='word_1_296' title='bbox 563 2633 787 2701; x_wconf 73' lang='lat' dir='ltr'><strong>‘Xorrsscpzdvnc&#39;</strong></span> <span class='ocrx_word' id='word_1_297' title='bbox 809 2632 929 2686; x_wconf 86' lang='lat' dir='ltr'><strong>scribere</strong></span> <span class='ocrx_word' id='word_1_298' title='bbox 952 2632 1042 2686; x_wconf 87' lang='lat' dir='ltr'><strong>uoluit</strong></span> <span class='ocrx_word' id='word_1_299' title='bbox 1061 2631 1265 2698; x_wconf 75' lang='lat' dir='ltr'><strong>‘Nossopldvnc&#39;</strong></span> <span class='ocrx_word' id='word_1_300' title='bbox 1289 2631 1393 2702; x_wconf 88' lang='lat' dir='ltr'><strong>impro-</strong></span> 
     </span>
     <span class='ocr_line' id='line_1_32' title="bbox 217 2701 1391 2772; baseline -0.002 -14"><span class='ocrx_word' id='word_1_301' title='bbox 217 2705 303 2758; x_wconf 90' lang='lat' dir='ltr'><strong>bante</strong></span> <span class='ocrx_word' id='word_1_302' title='bbox 321 2703 418 2759; x_wconf 88' lang='lat' dir='ltr'><strong>Nieeio</strong></span> <span class='ocrx_word' id='word_1_303' title='bbox 439 2701 548 2759; x_wconf 83' lang='lat' dir='ltr'><strong>‘Gesch.</strong></span> <span class='ocrx_word' id='word_1_304' title='bbox 567 2703 645 2758; x_wconf 87' lang='lat' dir='ltr'><strong>Alex.</strong></span> <span class='ocrx_word' id='word_1_305' title='bbox 665 2704 692 2757; x_wconf 85' lang='lat' dir='ltr'><strong>d.</strong></span> <span class='ocrx_word' id='word_1_306' title='bbox 713 2703 771 2758; x_wconf 79' lang='lat' dir='ltr'><strong>Gr.⁷</strong></span> <span class='ocrx_word' id='word_1_307' title='bbox 791 2721 817 2772; x_wconf 91' lang='lat' dir='ltr'><strong>p.</strong></span> <span class='ocrx_word' id='word_1_308' title='bbox 833 2708 885 2758; x_wconf 91' lang='grc'><strong>103</strong></span> <span class='ocrx_word' id='word_1_309' title='bbox 905 2705 962 2758; x_wconf 90' lang='lat' dir='ltr'><strong>not.</strong></span> <span class='ocrx_word' id='word_1_310' title='bbox 977 2706 1001 2755; x_wconf 91' lang='grc'><strong>3.</strong></span> <span class='ocrx_word' id='word_1_311' title='bbox 1038 2707 1183 2772; x_wconf 85' lang='lat' dir='ltr'><strong>praeterea</strong></span> <span class='ocrx_word' id='word_1_312' title='bbox 1202 2701 1316 2757; x_wconf 87' lang='lat' dir='ltr'><strong>silentio</strong></span> <span class='ocrx_word' id='word_1_313' title='bbox 1336 2719 1391 2756; x_wconf 91' lang='lat' dir='ltr'><strong>non</strong></span> 
     </span>
     <span class='ocr_line' id='line_1_33' title="bbox 217 2772 1391 2845; baseline -0.003 -17"><span class='ocrx_word' id='word_1_314' title='bbox 217 2775 435 2845; x_wconf 86' lang='lat' dir='ltr'><strong>praetereundus</strong></span> <span class='ocrx_word' id='word_1_315' title='bbox 459 2778 501 2829; x_wconf 86' lang='lat' dir='ltr'><strong>est</strong></span> <span class='ocrx_word' id='word_1_316' title='bbox 519 2773 770 2830; x_wconf 82' lang='lat' dir='ltr'><strong>Pseudo-Callisth.</strong></span> <span class='ocrx_word' id='word_1_317' title='bbox 789 2773 873 2842; x_wconf 83' lang='grc'><strong>1130,</strong></span> <span class='ocrx_word' id='word_1_318' title='bbox 896 2773 945 2842; x_wconf 88' lang='lat' dir='ltr'><strong>qui</strong></span> <span class='ocrx_word' id='word_1_319' title='bbox 962 2774 1060 2828; x_wconf 85' lang='lat' dir='ltr'><strong>narrat</strong></span> <span class='ocrx_word' id='word_1_320' title='bbox 1078 2773 1194 2826; x_wconf 91' lang='lat' dir='ltr'><strong>Bessum</strong></span> <span class='ocrx_word' id='word_1_321' title='bbox 1213 2776 1242 2827; x_wconf 88' lang='lat' dir='ltr'><strong>et</strong></span> <span class='ocrx_word' id='word_1_322' title='bbox 1260 2772 1391 2828; x_wconf 83' lang='lat' dir='ltr'><strong>Ariobar-</strong></span> 
     </span>
     <span class='ocr_line' id='line_1_34' title="bbox 217 2843 1116 2915; baseline 0 -15"><span class='ocrx_word' id='word_1_323' title='bbox 217 2862 304 2900; x_wconf 81' lang='lat' dir='ltr'><strong>zanen</strong></span> <span class='ocrx_word' id='word_1_324' title='bbox 323 2846 444 2901; x_wconf 89' lang='lat' dir='ltr'><strong>Dareum</strong></span> <span class='ocrx_word' id='word_1_325' title='bbox 462 2846 633 2900; x_wconf 85' lang='lat' dir='ltr'><strong>interfecisse</strong></span> <span class='ocrx_word' id='word_1_326' title='bbox 653 2845 697 2912; x_wconf 89' lang='lat' dir='ltr'><strong>(cl.</strong></span> <span class='ocrx_word' id='word_1_327' title='bbox 716 2845 768 2899; x_wconf 90' lang='lat' dir='ltr'><strong>Iul.</strong></span> <span class='ocrx_word' id='word_1_328' title='bbox 787 2843 849 2900; x_wconf 86' lang='lat' dir='ltr'><strong>Val.</strong></span> <span class='ocrx_word' id='word_1_329' title='bbox 868 2863 896 2915; x_wconf 91' lang='lat' dir='ltr'><strong>p.</strong></span> <span class='ocrx_word' id='word_1_330' title='bbox 912 2849 972 2913; x_wconf 90' lang='grc'><strong>103,</strong></span> <span class='ocrx_word' id='word_1_331' title='bbox 992 2849 1026 2898; x_wconf 87' lang='lat'><strong>18</strong></span> <span class='ocrx_word' id='word_1_332' title='bbox 1036 2848 1116 2913; x_wconf 89' lang='lat' dir='ltr'><strong>eqq.).</strong></span> 
     </span>
    </p>
   </div>
   <div class='ocr_carea' id='block_1_12' title="bbox 165 2921 1393 4128">
    <p class='ocr_par' dir='ltr' id='par_1_15' title="bbox 165 2921 1393 4128">
     <span class='ocr_line' id='line_1_35' title="bbox 165 2921 1391 2996; baseline 0 -19"><span class='ocrx_word' id='word_1_333' title='bbox 165 2937 228 2989; x_wconf 64' lang='lat' dir='ltr'><strong>aare</strong></span> <span class='ocrx_word' id='word_1_334' title='bbox 307 2925 458 2980; x_wconf 89' lang='lat' dir='ltr'><strong>aduentum</strong></span> <span class='ocrx_word' id='word_1_335' title='bbox 478 2925 628 2979; x_wconf 85' lang='lat' dir='ltr'><strong>Alexandri</strong></span> <span class='ocrx_word' id='word_1_336' title='bbox 647 2924 804 2996; x_wconf 86' lang='lat' dir='ltr'><strong>pertimuit]</strong></span> <span class='ocrx_word' id='word_1_337' title='bbox 824 2923 859 2980; x_wconf 85' lang='lat' dir='ltr'><strong>cf.</strong></span> <span class='ocrx_word' id='word_1_338' title='bbox 875 2922 949 2979; x_wconf 83' lang='lat' dir='ltr'><strong>Onrt.</strong></span> <span class='ocrx_word' id='word_1_339' title='bbox 965 2931 990 2993; x_wconf 91' lang='grc'><strong>6,</strong></span> <span class='ocrx_word' id='word_1_340' title='bbox 1005 2932 1030 2992; x_wconf 92' lang='grc'><strong>6,</strong></span> <span class='ocrx_word' id='word_1_341' title='bbox 1045 2929 1078 2977; x_wconf 88' lang='grc'><strong>33</strong></span> <span class='ocrx_word' id='word_1_342' title='bbox 1099 2921 1190 2977; x_wconf 86' lang='lat' dir='ltr'><strong>‘cuius</strong></span> <span class='ocrx_word' id='word_1_343' title='bbox 1210 2922 1323 2991; x_wconf 85' lang='lat' dir='ltr'><strong>cognito</strong></span> <span class='ocrx_word' id='word_1_344' title='bbox 1344 2924 1391 2978; x_wconf 89' lang='lat' dir='ltr'><strong>ad·</strong></span> 
     </span>
     <span class='ocr_line' id='line_1_36' title="bbox 217 2993 1392 3064; baseline 0 -15"><span class='ocrx_word' id='word_1_345' title='bbox 217 2997 304 3050; x_wconf 88' lang='lat' dir='ltr'><strong>uentu</strong></span> <span class='ocrx_word' id='word_1_346' title='bbox 328 2995 522 3050; x_wconf 84' lang='lat' dir='ltr'><strong>Satibarzanes</strong></span> <span class='ocrx_word' id='word_1_347' title='bbox 547 3027 580 3035; x_wconf 94' lang='lat'>-</span> <span class='ocrx_word' id='word_1_348' title='bbox 601 3027 632 3034; x_wconf 92' lang='lat'>—</span> <span class='ocrx_word' id='word_1_349' title='bbox 653 3026 686 3035; x_wconf 92' lang='lat'>—</span> <span class='ocrx_word' id='word_1_350' title='bbox 711 2995 814 3052; x_wconf 86' lang='lat' dir='ltr'><strong>Bactra</strong></span> <span class='ocrx_word' id='word_1_351' title='bbox 836 2995 980 3064; x_wconf 82' lang='lat' dir='ltr'><strong>perfugit&#39;</strong></span> <span class='ocrx_word' id='word_1_352' title='bbox 1024 2993 1106 3048; x_wconf 90' lang='lat' dir='ltr'><strong>Diod.</strong></span> <span class='ocrx_word' id='word_1_353' title='bbox 1122 2999 1165 3061; x_wconf 92' lang='grc'><strong>17,</strong></span> <span class='ocrx_word' id='word_1_354' title='bbox 1185 2997 1226 3062; x_wconf 90' lang='grc'><strong>78,</strong></span> <span class='ocrx_word' id='word_1_355' title='bbox 1246 3000 1262 3046; x_wconf 91' lang='grc'><strong>3</strong></span> <span class='ocrx_word' id='word_1_356' title='bbox 1289 3000 1341 3048; x_wconf 92' lang='grc' dir='ltr'><strong>τοο</strong></span> <span class='ocrx_word' id='word_1_357' title='bbox 1361 2996 1392 3049; x_wconf 85' lang='grc' dir='ltr'><strong>δέ</strong></span> 
     </span>
     <span class='ocr_line' id='line_1_37' title="bbox 219 3065 1391 3133; baseline 0 -13"><span class='ocrx_word' id='word_1_358' title='bbox 219 3068 347 3132; x_wconf 80' lang='grc' dir='ltr'>βαςιλέιιις</span> <span class='ocrx_word' id='word_1_359' title='bbox 370 3067 530 3120; x_wconf 90' lang='grc' dir='ltr'>έπιςτάντος</span> <span class='ocrx_word' id='word_1_360' title='bbox 553 3067 710 3133; x_wconf 83' lang='grc' dir='ltr'>κατεπλάγη</span> <span class='ocrx_word' id='word_1_361' title='bbox 734 3068 768 3120; x_wconf 89' lang='grc' dir='ltr'>τό</span> <span class='ocrx_word' id='word_1_362' title='bbox 786 3083 818 3120; x_wconf 91' lang='grc' dir='ltr'><strong>τε</strong></span> <span class='ocrx_word' id='word_1_363' title='bbox 837 3067 951 3132; x_wconf 89' lang='grc' dir='ltr'>μέγεθος</span> <span class='ocrx_word' id='word_1_364' title='bbox 968 3069 1019 3131; x_wconf 82' lang='grc' dir='ltr'>τῆς</span> <span class='ocrx_word' id='word_1_365' title='bbox 1037 3065 1181 3131; x_wconf 87' lang='grc' dir='ltr'>δυνάμεως</span> <span class='ocrx_word' id='word_1_366' title='bbox 1203 3068 1247 3119; x_wconf 89' lang='grc' dir='ltr'><strong>καί</strong></span> <span class='ocrx_word' id='word_1_367' title='bbox 1265 3067 1316 3119; x_wconf 86' lang='grc' dir='ltr'>τάς</span> <span class='ocrx_word' id='word_1_368' title='bbox 1335 3069 1391 3120; x_wconf 90' lang='grc' dir='ltr'>δια-</span> 
     </span>
     <span class='ocr_line' id='line_1_38' title="bbox 219 3135 1392 3205; baseline 0 -14"><span class='ocrx_word' id='word_1_369' title='bbox 219 3138 388 3205; x_wconf 67' lang='grc' dir='ltr'>βεβοημένοις</span> <span class='ocrx_word' id='word_1_370' title='bbox 400 3143 458 3190; x_wconf 83' lang='grc' dir='ltr'>τῶν</span> <span class='ocrx_word' id='word_1_371' title='bbox 473 3138 645 3191; x_wconf 83' lang='grc' dir='ltr'>Μακεδόνων</span> <span class='ocrx_word' id='word_1_372' title='bbox 660 3135 853 3203; x_wconf 85' lang='grc' dir='ltr'>ἀνδραγαθίας.</span> <span class='ocrx_word' id='word_1_373' title='bbox 883 3136 978 3202; x_wconf 87' lang='grc' dir='ltr'>διόπερ</span> <span class='ocrx_word' id='word_1_374' title='bbox 993 3136 1078 3189; x_wconf 83' lang='grc' dir='ltr'>αὐτὸς</span> <span class='ocrx_word' id='word_1_375' title='bbox 1088 3137 1137 3201; x_wconf 92' lang='grc' dir='ltr'><strong>μέν</strong></span> <span class='ocrx_word' id='word_1_376' title='bbox 1152 3166 1186 3175; x_wconf 99' lang='grc'>-</span> <span class='ocrx_word' id='word_1_377' title='bbox 1202 3167 1234 3175; x_wconf 93' lang='grc'><strong>-</strong></span> <span class='ocrx_word' id='word_1_378' title='bbox 1249 3135 1392 3191; x_wconf 89' lang='grc' dir='ltr'>έξίππευςε</span> 
     </span>
     <span class='ocr_line' id='line_1_39' title="bbox 218 3204 1393 3275; baseline 0 -14"><span class='ocrx_word' id='word_1_379' title='bbox 218 3209 287 3275; x_wconf 88' lang='grc' dir='ltr'>πρὸς</span> <span class='ocrx_word' id='word_1_380' title='bbox 306 3209 416 3273; x_wconf 83' lang='grc' dir='ltr'>Βῆςςον.</span> <span class='ocrx_word' id='word_1_381' title='bbox 452 3205 513 3260; x_wconf 84' lang='lat' dir='ltr'><strong>Ars.</strong></span> <span class='ocrx_word' id='word_1_382' title='bbox 529 3213 555 3274; x_wconf 85' lang='lat'><strong>3,</strong></span> <span class='ocrx_word' id='word_1_383' title='bbox 574 3211 617 3273; x_wconf 86' lang='grc'><strong>36,</strong></span> <span class='ocrx_word' id='word_1_384' title='bbox 636 3213 661 3261; x_wconf 93' lang='grc'><strong>7.</strong></span> <span class='ocrx_word' id='word_1_385' title='bbox 689 3206 790 3274; x_wconf 79' lang='lat' dir='ltr'><strong>quibus</strong></span> <span class='ocrx_word' id='word_1_386' title='bbox 814 3223 847 3260; x_wconf 88' lang='lat' dir='ltr'><strong>ex</strong></span> <span class='ocrx_word' id='word_1_387' title='bbox 870 3204 940 3260; x_wconf 91' lang='lat' dir='ltr'><strong>locis</strong></span> <span class='ocrx_word' id='word_1_388' title='bbox 963 3205 1047 3259; x_wconf 89' lang='lat' dir='ltr'><strong>facile</strong></span> <span class='ocrx_word' id='word_1_389' title='bbox 1070 3204 1167 3275; x_wconf 79' lang='lat' dir='ltr'><strong>colligi</strong></span> <span class='ocrx_word' id='word_1_390' title='bbox 1191 3209 1286 3275; x_wconf 82' lang='lat' dir='ltr'><strong>polest</strong></span> <span class='ocrx_word' id='word_1_391' title='bbox 1304 3207 1393 3261; x_wconf 85' lang='lat' dir='ltr'><strong>uerba</strong></span> 
     </span>
     <span class='ocr_line' id='line_1_40' title="bbox 218 3274 1392 3347; baseline 0 -15"><span class='ocrx_word' id='word_1_392' title='bbox 218 3295 291 3347; x_wconf 89' lang='lat' dir='ltr'><strong>qnae</strong></span> <span class='ocrx_word' id='word_1_393' title='bbox 321 3277 452 3332; x_wconf 91' lang='lat' dir='ltr'><strong>secuntur</strong></span> <span class='ocrx_word' id='word_1_394' title='bbox 484 3277 580 3344; x_wconf 81' lang='lat' dir='ltr'><strong>‘atque</strong></span> <span class='ocrx_word' id='word_1_395' title='bbox 602 3277 632 3330; x_wconf 91' lang='lat' dir='ltr'><strong>in</strong></span> <span class='ocrx_word' id='word_1_396' title='bbox 660 3277 768 3330; x_wconf 87' lang='lat' dir='ltr'><strong>Indiam</strong></span> <span class='ocrx_word' id='word_1_397' title='bbox 795 3274 932 3345; x_wconf 89' lang='lat' dir='ltr'><strong>profugit’</strong></span> <span class='ocrx_word' id='word_1_398' title='bbox 958 3277 993 3330; x_wconf 93' lang='lat' dir='ltr'><strong>de</strong></span> <span class='ocrx_word' id='word_1_399' title='bbox 1022 3275 1203 3332; x_wconf 81' lang='lat' dir='ltr'><strong>Satibarzane</strong></span> <span class='ocrx_word' id='word_1_400' title='bbox 1231 3278 1308 3332; x_wconf 92' lang='lat' dir='ltr'><strong>dicta</strong></span> <span class='ocrx_word' id='word_1_401' title='bbox 1331 3294 1392 3332; x_wconf 88' lang='lat' dir='ltr'><strong>esse</strong></span> 
     </span>
     <span class='ocr_line' id='line_1_41' title="bbox 218 3345 1391 3418; baseline -0.002 -15"><span class='ocrx_word' id='word_1_402' title='bbox 218 3348 348 3418; x_wconf 88' lang='lat' dir='ltr'><strong>nequire,</strong></span> <span class='ocrx_word' id='word_1_403' title='bbox 371 3364 468 3401; x_wconf 88' lang='lat' dir='ltr'><strong>nerum</strong></span> <span class='ocrx_word' id='word_1_404' title='bbox 492 3363 526 3401; x_wconf 91' lang='lat' dir='ltr'><strong>ea</strong></span> <span class='ocrx_word' id='word_1_405' title='bbox 544 3348 689 3401; x_wconf 87' lang='lat' dir='ltr'><strong>referenda</strong></span> <span class='ocrx_word' id='word_1_406' title='bbox 712 3362 771 3401; x_wconf 89' lang='lat' dir='ltr'><strong>esse</strong></span> <span class='ocrx_word' id='word_1_407' title='bbox 790 3347 826 3400; x_wconf 92' lang='lat' dir='ltr'><strong>ad</strong></span> <span class='ocrx_word' id='word_1_408' title='bbox 845 3345 1036 3416; x_wconf 86' lang='lat' dir='ltr'><strong>Barzaentem,</strong></span> <span class='ocrx_word' id='word_1_409' title='bbox 1063 3346 1098 3401; x_wconf 93' lang='lat' dir='ltr'><strong>de</strong></span> <span class='ocrx_word' id='word_1_410' title='bbox 1117 3364 1171 3417; x_wconf 91' lang='lat' dir='ltr'><strong>quo</strong></span> <span class='ocrx_word' id='word_1_411' title='bbox 1190 3347 1255 3402; x_wconf 91' lang='lat' dir='ltr'><strong>uide</strong></span> <span class='ocrx_word' id='word_1_412' title='bbox 1274 3347 1351 3404; x_wconf 81' lang='lat' dir='ltr'><strong>(luit.</strong></span> <span class='ocrx_word' id='word_1_413' title='bbox 1366 3354 1391 3415; x_wconf 89' lang='grc'><strong>6,</strong></span> 
     </span>
     <span class='ocr_line' id='line_1_42' title="bbox 219 3416 1391 3489; baseline -0.003 -14"><span class='ocrx_word' id='word_1_414' title='bbox 219 3427 244 3489; x_wconf 93' lang='grc'><strong>6,</strong></span> <span class='ocrx_word' id='word_1_415' title='bbox 263 3427 297 3474; x_wconf 91' lang='grc'><strong>36</strong></span> <span class='ocrx_word' id='word_1_416' title='bbox 313 3418 386 3474; x_wconf 77' lang='lat' dir='ltr'><strong>‘adit</strong></span> <span class='ocrx_word' id='word_1_417' title='bbox 398 3419 524 3487; x_wconf 87' lang='lat' dir='ltr'><strong>Drangas</strong></span> <span class='ocrx_word' id='word_1_418' title='bbox 540 3459 546 3472; x_wconf 89' lang='lat'><strong>.</strong></span> <span class='ocrx_word' id='word_1_419' title='bbox 563 3460 568 3472; x_wconf 94' lang='lat'><strong>.</strong></span> <span class='ocrx_word' id='word_1_420' title='bbox 585 3460 590 3471; x_wconf 94' lang='lat'><strong>.</strong></span> <span class='ocrx_word' id='word_1_421' title='bbox 606 3421 732 3487; x_wconf 86' lang='lat' dir='ltr'><strong>satrapes</strong></span> <span class='ocrx_word' id='word_1_422' title='bbox 747 3422 808 3472; x_wconf 89' lang='lat' dir='ltr'><strong>erat</strong></span> <span class='ocrx_word' id='word_1_423' title='bbox 824 3417 995 3485; x_wconf 69' lang='lat' dir='ltr'><strong>Barzaentes,</strong></span> <span class='ocrx_word' id='word_1_424' title='bbox 1015 3416 1128 3473; x_wconf 89' lang='lat' dir='ltr'><strong>sceleris</strong></span> <span class='ocrx_word' id='word_1_425' title='bbox 1147 3417 1176 3471; x_wconf 90' lang='lat' dir='ltr'><strong>in</strong></span> <span class='ocrx_word' id='word_1_426' title='bbox 1194 3435 1290 3488; x_wconf 91' lang='lat' dir='ltr'><strong>regem</strong></span> <span class='ocrx_word' id='word_1_427' title='bbox 1310 3436 1391 3472; x_wconf 90' lang='lat' dir='ltr'><strong>sunm</strong></span> 
     </span>
     <span class='ocr_line' id='line_1_43' title="bbox 218 3489 1391 3561; baseline -0.003 -16"><span class='ocrx_word' id='word_1_428' title='bbox 218 3490 360 3561; x_wconf 86' lang='lat' dir='ltr'><strong>particeps</strong></span> <span class='ocrx_word' id='word_1_429' title='bbox 380 3490 476 3544; x_wconf 89' lang='lat' dir='ltr'><strong>Besso:</strong></span> <span class='ocrx_word' id='word_1_430' title='bbox 502 3489 526 3542; x_wconf 92' lang='lat' dir='ltr'><strong>is</strong></span> <span class='ocrx_word' id='word_1_431' title='bbox 546 3489 760 3559; x_wconf 88' lang='lat' dir='ltr'><strong>suppliciorum,</strong></span> <span class='ocrx_word' id='word_1_432' title='bbox 784 3505 856 3556; x_wconf 90' lang='lat' dir='ltr'><strong>quaa</strong></span> <span class='ocrx_word' id='word_1_433' title='bbox 880 3494 1031 3555; x_wconf 87' lang='lat' dir='ltr'><strong>meruerat,</strong></span> <span class='ocrx_word' id='word_1_434' title='bbox 1057 3489 1135 3542; x_wconf 91' lang='lat' dir='ltr'><strong>metu</strong></span> <span class='ocrx_word' id='word_1_435' title='bbox 1154 3490 1281 3558; x_wconf 87' lang='lat' dir='ltr'><strong>profugit</strong></span> <span class='ocrx_word' id='word_1_436' title='bbox 1298 3489 1327 3543; x_wconf 88' lang='lat' dir='ltr'><strong>in</strong></span> <span class='ocrx_word' id='word_1_437' title='bbox 1347 3490 1391 3542; x_wconf 92' lang='lat' dir='ltr'><strong>In-</strong></span> 
     </span>
     <span class='ocr_line' id='line_1_44' title="bbox 219 3559 1390 3629; baseline -0.002 -13"><span class='ocrx_word' id='word_1_438' title='bbox 219 3561 317 3617; x_wconf 85' lang='lat' dir='ltr'><strong>diam’</strong></span> <span class='ocrx_word' id='word_1_439' title='bbox 355 3559 415 3615; x_wconf 85' lang='lat' dir='ltr'><strong>Arr.</strong></span> <span class='ocrx_word' id='word_1_440' title='bbox 431 3567 456 3627; x_wconf 97' lang='grc'><strong>3,</strong></span> <span class='ocrx_word' id='word_1_441' title='bbox 476 3566 520 3627; x_wconf 89' lang='grc'><strong>36,</strong></span> <span class='ocrx_word' id='word_1_442' title='bbox 545 3566 560 3614; x_wconf 83' lang='grc'>8</span> <span class='ocrx_word' id='word_1_443' title='bbox 581 3562 753 3629; x_wconf 91' lang='grc' dir='ltr'>Βαρςαέντης</span> <span class='ocrx_word' id='word_1_444' title='bbox 775 3562 806 3614; x_wconf 88' lang='grc' dir='ltr'><strong>δέ</strong></span> <span class='ocrx_word' id='word_1_445' title='bbox 824 3560 855 3613; x_wconf 85' lang='grc' dir='ltr'><strong>ὃς</strong></span> <span class='ocrx_word' id='word_1_446' title='bbox 877 3561 942 3614; x_wconf 86' lang='grc' dir='ltr'>τότε</span> <span class='ocrx_word' id='word_1_447' title='bbox 962 3566 1069 3627; x_wconf 83' lang='grc' dir='ltr'>κατεῖχε</span> <span class='ocrx_word' id='word_1_448' title='bbox 1086 3563 1140 3626; x_wconf 88' lang='grc' dir='ltr'>τὴν</span> <span class='ocrx_word' id='word_1_449' title='bbox 1158 3561 1262 3628; x_wconf 85' lang='grc' dir='ltr'>χώραν,</span> <span class='ocrx_word' id='word_1_450' title='bbox 1287 3561 1327 3614; x_wconf 87' lang='grc' dir='ltr'>είς</span> <span class='ocrx_word' id='word_1_451' title='bbox 1350 3563 1390 3614; x_wconf 86' lang='grc' dir='ltr'><strong>ὼν</strong></span> 
     </span>
     <span class='ocr_line' id='line_1_45' title="bbox 218 3633 1392 3702; baseline -0.003 -14"><span class='ocrx_word' id='word_1_452' title='bbox 218 3640 276 3688; x_wconf 82' lang='grc' dir='ltr'>τῶν</span> <span class='ocrx_word' id='word_1_453' title='bbox 295 3634 514 3699; x_wconf 86' lang='grc' dir='ltr'>ξυνεπιθεμένων</span> <span class='ocrx_word' id='word_1_454' title='bbox 532 3633 645 3702; x_wconf 82' lang='grc' dir='ltr'>Δαρείῳ</span> <span class='ocrx_word' id='word_1_455' title='bbox 664 3633 694 3685; x_wconf 86' lang='grc' dir='ltr'><strong>ἐν</strong></span> <span class='ocrx_word' id='word_1_456' title='bbox 712 3637 747 3700; x_wconf 80' lang='grc' dir='ltr'>τῇ</span> <span class='ocrx_word' id='word_1_457' title='bbox 767 3637 854 3700; x_wconf 77' lang='grc' dir='ltr'>φυγῇ,</span> <span class='ocrx_word' id='word_1_458' title='bbox 880 3633 1030 3698; x_wconf 89' lang='grc' dir='ltr'>προςιόντα</span> <span class='ocrx_word' id='word_1_459' title='bbox 1049 3633 1229 3698; x_wconf 82' lang='grc' dir='ltr'>Ἀλέξανδρον</span> <span class='ocrx_word' id='word_1_460' title='bbox 1248 3633 1345 3697; x_wconf 87' lang='grc' dir='ltr'>μαθὼν</span> <span class='ocrx_word' id='word_1_461' title='bbox 1364 3633 1392 3685; x_wconf 90' lang='grc' dir='ltr'><strong>ές</strong></span> 
     </span>
     <span class='ocr_line' id='line_1_46' title="bbox 219 3702 1392 3771; baseline -0.002 -13"><span class='ocrx_word' id='word_1_462' title='bbox 219 3706 319 3758; x_wconf 86' lang='grc' dir='ltr'>Ἰνδοὺς</span> <span class='ocrx_word' id='word_1_463' title='bbox 336 3706 403 3758; x_wconf 89' lang='grc' dir='ltr'>τοὺς</span> <span class='ocrx_word' id='word_1_464' title='bbox 421 3704 466 3757; x_wconf 84' lang='grc' dir='ltr'><strong>ἐπί</strong></span> <span class='ocrx_word' id='word_1_465' title='bbox 488 3704 555 3757; x_wconf 86' lang='grc' dir='ltr'>τάδε</span> <span class='ocrx_word' id='word_1_466' title='bbox 577 3708 630 3756; x_wconf 82' lang='grc' dir='ltr'>τοῡ</span> <span class='ocrx_word' id='word_1_467' title='bbox 650 3704 735 3757; x_wconf 81' lang='grc' dir='ltr'>’ίνδοδ</span> <span class='ocrx_word' id='word_1_468' title='bbox 758 3708 887 3767; x_wconf 74' lang='lat' dir='ltr'><strong>corusca</strong></span> <span class='ocrx_word' id='word_1_469' title='bbox 910 3704 1006 3770; x_wconf 88' lang='grc' dir='ltr'>ἔφυγε.</span> <span class='ocrx_word' id='word_1_470' title='bbox 1043 3702 1222 3756; x_wconf 86' lang='lat' dir='ltr'><strong>statuendum</strong></span> <span class='ocrx_word' id='word_1_471' title='bbox 1243 3702 1392 3771; x_wconf 87' lang='lat' dir='ltr'><strong>igiturest</strong></span> 
     </span>
     <span class='ocr_line' id='line_1_47' title="bbox 220 3772 1391 3900; baseline -0.001 -1"><span class='ocrx_word' id='word_1_472' title='bbox 220 3772 1391 3900; x_wconf 65' lang='grc' dir='ltr'><strong>333333333331ιῖ1333333113331333133</strong></span> 
     </span>
     <span class='ocr_line' id='line_1_48' title="bbox 220 3913 1391 3984; baseline -0.001 -16"><span class='ocrx_word' id='word_1_473' title='bbox 220 3915 324 3970; x_wconf 81' lang='lat' dir='ltr'><strong>tulerit.</strong></span> <span class='ocrx_word' id='word_1_474' title='bbox 366 3915 433 3984; x_wconf 90' lang='lat' dir='ltr'><strong>quin</strong></span> <span class='ocrx_word' id='word_1_475' title='bbox 451 3914 550 3970; x_wconf 91' lang='lat' dir='ltr'><strong>&#39;autem</strong></span> <span class='ocrx_word' id='word_1_476' title='bbox 572 3917 688 3970; x_wconf 88' lang='lat' dir='ltr'><strong>nomina</strong></span> <span class='ocrx_word' id='word_1_477' title='bbox 711 3913 899 3970; x_wconf 85' lang='lat' dir='ltr'><strong>Satibarzanis</strong></span> <span class='ocrx_word' id='word_1_478' title='bbox 925 3918 954 3969; x_wconf 91' lang='lat' dir='ltr'><strong>et</strong></span> <span class='ocrx_word' id='word_1_479' title='bbox 975 3914 1183 3982; x_wconf 82' lang='lat' dir='ltr'><strong>Ariobarzanis,</strong></span> <span class='ocrx_word' id='word_1_480' title='bbox 1211 3930 1267 3968; x_wconf 91' lang='lat' dir='ltr'><strong>non</strong></span> <span class='ocrx_word' id='word_1_481' title='bbox 1290 3914 1391 3969; x_wconf 81' lang='lat' dir='ltr'><strong>Barna·</strong></span> 
     </span>
     <span class='ocr_line' id='line_1_49' title="bbox 220 3985 1390 4053; baseline 0 -13"><span class='ocrx_word' id='word_1_482' title='bbox 220 3986 291 4042; x_wconf 89' lang='lat' dir='ltr'><strong>entis</strong></span> <span class='ocrx_word' id='word_1_483' title='bbox 311 3990 340 4040; x_wconf 90' lang='lat' dir='ltr'><strong>et</strong></span> <span class='ocrx_word' id='word_1_484' title='bbox 357 3986 551 4041; x_wconf 83' lang='lat' dir='ltr'><strong>Ariobarzanis</strong></span> <span class='ocrx_word' id='word_1_485' title='bbox 570 3987 623 4041; x_wconf 93' lang='lat' dir='ltr'><strong>hoc</strong></span> <span class='ocrx_word' id='word_1_486' title='bbox 641 3987 704 4042; x_wconf 93' lang='lat' dir='ltr'><strong>loco</strong></span> <span class='ocrx_word' id='word_1_487' title='bbox 722 3985 796 4040; x_wconf 88' lang='lat' dir='ltr'><strong>inter</strong></span> <span class='ocrx_word' id='word_1_488' title='bbox 815 4003 844 4042; x_wconf 86' lang='lat' dir='ltr'><strong>se</strong></span> <span class='ocrx_word' id='word_1_489' title='bbox 863 3985 978 4040; x_wconf 88' lang='lat' dir='ltr'><strong>confusa</strong></span> <span class='ocrx_word' id='word_1_490' title='bbox 1001 4002 1062 4040; x_wconf 90' lang='lat' dir='ltr'><strong>esse</strong></span> <span class='ocrx_word' id='word_1_491' title='bbox 1087 3985 1248 4053; x_wconf 84' lang='lat' dir='ltr'><strong>uideantur,</strong></span> <span class='ocrx_word' id='word_1_492' title='bbox 1274 3985 1390 4040; x_wconf 89' lang='lat' dir='ltr'><strong>dubium</strong></span> 
     </span>
     <span class='ocr_line' id='line_1_50' title="bbox 219 4055 1235 4128; baseline -0.006 -16"><span class='ocrx_word' id='word_1_493' title='bbox 219 4075 275 4113; x_wconf 93' lang='lat' dir='ltr'><strong>non</strong></span> <span class='ocrx_word' id='word_1_494' title='bbox 295 4060 346 4127; x_wconf 86' lang='lat' dir='ltr'><strong>est,</strong></span> <span class='ocrx_word' id='word_1_495' title='bbox 365 4057 483 4112; x_wconf 90' lang='lat' dir='ltr'><strong>sirecte</strong></span> <span class='ocrx_word' id='word_1_496' title='bbox 502 4075 552 4126; x_wconf 91' lang='lat' dir='ltr'><strong>pro</strong></span> <span class='ocrx_word' id='word_1_497' title='bbox 573 4058 676 4128; x_wconf 77' lang='lat' dir='ltr'><strong>‘agros&#39;</strong></span> <span class='ocrx_word' id='word_1_498' title='bbox 697 4055 874 4112; x_wconf 85' lang='lat' dir='ltr'><strong>scribendum</strong></span> <span class='ocrx_word' id='word_1_499' title='bbox 894 4073 954 4112; x_wconf 88' lang='lat' dir='ltr'><strong>esee</strong></span> <span class='ocrx_word' id='word_1_500' title='bbox 973 4056 1103 4110; x_wconf 74' lang='lat' dir='ltr'><strong>dammas</strong></span> <span class='ocrx_word' id='word_1_501' title='bbox 1122 4055 1235 4110; x_wconf 73' lang='lat' dir='ltr'><strong>‘Arios’</strong></span> 
     </span>
    </p>
   </div>
   <div class='ocr_carea' id='block_1_13' title="bbox 167 4135 1391 4491">
    <p class='ocr_par' dir='ltr' id='par_1_16' title="bbox 167 4135 1391 4491">
     <span class='ocr_line' id='line_1_51' title="bbox 167 4135 1390 4208; baseline 0 -18"><span class='ocrx_word' id='word_1_502' title='bbox 167 4151 230 4200; x_wconf 68' lang='lat' dir='ltr'><strong>aare</strong></span> <span class='ocrx_word' id='word_1_503' title='bbox 309 4139 345 4193; x_wconf 90' lang='lat' dir='ltr'><strong>ad</strong></span> <span class='ocrx_word' id='word_1_504' title='bbox 368 4137 522 4207; x_wconf 81' lang='lat' dir='ltr'><strong>Euergetas</strong></span> <span class='ocrx_word' id='word_1_505' title='bbox 545 4137 593 4206; x_wconf 89' lang='lat' dir='ltr'><strong>qni</strong></span> <span class='ocrx_word' id='word_1_506' title='bbox 616 4139 700 4192; x_wconf 88' lang='lat' dir='ltr'><strong>antea</strong></span> <span class='ocrx_word' id='word_1_507' title='bbox 722 4136 863 4208; x_wconf 91' lang='lat' dir='ltr'><strong>Arimaspi</strong></span> <span class='ocrx_word' id='word_1_508' title='bbox 886 4135 1071 4208; x_wconf 87' lang='lat' dir='ltr'><strong>uocabantur]</strong></span> <span class='ocrx_word' id='word_1_509' title='bbox 1099 4135 1246 4190; x_wconf 89' lang='lat' dir='ltr'><strong>notissima</strong></span> <span class='ocrx_word' id='word_1_510' title='bbox 1267 4152 1312 4190; x_wconf 87' lang='lat' dir='ltr'><strong>res</strong></span> <span class='ocrx_word' id='word_1_511' title='bbox 1338 4139 1390 4206; x_wconf 82' lang='lat' dir='ltr'><strong>eat,</strong></span> 
     </span>
     <span class='ocr_line' id='line_1_52' title="bbox 221 4208 1390 4276; baseline 0 -14"><span class='ocrx_word' id='word_1_512' title='bbox 221 4210 255 4264; x_wconf 87' lang='lat' dir='ltr'><strong>cf.</strong></span> <span class='ocrx_word' id='word_1_513' title='bbox 274 4211 334 4265; x_wconf 86' lang='lat' dir='ltr'><strong>Arr.</strong></span> <span class='ocrx_word' id='word_1_514' title='bbox 354 4213 384 4275; x_wconf 89' lang='grc'><strong>3,</strong></span> <span class='ocrx_word' id='word_1_515' title='bbox 403 4214 450 4276; x_wconf 89' lang='grc'><strong>37,</strong></span> <span class='ocrx_word' id='word_1_516' title='bbox 475 4215 491 4262; x_wconf 85' lang='grc'><strong>4</strong></span> <span class='ocrx_word' id='word_1_517' title='bbox 519 4210 673 4276; x_wconf 75' lang='grc' dir='ltr'>ἀφικνεῖται</span> <span class='ocrx_word' id='word_1_518' title='bbox 699 4210 727 4263; x_wconf 83' lang='grc' dir='ltr'><strong>ἐς</strong></span> <span class='ocrx_word' id='word_1_519' title='bbox 750 4211 817 4263; x_wconf 86' lang='grc' dir='ltr'>τοὺς</span> <span class='ocrx_word' id='word_1_520' title='bbox 842 4209 927 4263; x_wconf 90' lang='grc' dir='ltr'>πάλαι</span> <span class='ocrx_word' id='word_1_521' title='bbox 952 4209 1001 4274; x_wconf 88' lang='grc' dir='ltr'><strong>μέν</strong></span> <span class='ocrx_word' id='word_1_522' title='bbox 1025 4208 1169 4275; x_wconf 91' lang='grc' dir='ltr'>Ἀριάςπας</span> <span class='ocrx_word' id='word_1_523' title='bbox 1196 4208 1390 4275; x_wconf 88' lang='grc' dir='ltr'>καλουμένους,</span> 
     </span>
     <span class='ocr_line' id='line_1_53' title="bbox 220 4277 1390 4349; baseline -0.001 -15"><span class='ocrx_word' id='word_1_524' title='bbox 220 4284 335 4348; x_wconf 86' lang='grc' dir='ltr'>ὕςτερον</span> <span class='ocrx_word' id='word_1_525' title='bbox 358 4281 389 4334; x_wconf 89' lang='grc' dir='ltr'><strong>δέ</strong></span> <span class='ocrx_word' id='word_1_526' title='bbox 412 4280 563 4348; x_wconf 86' lang='grc' dir='ltr'>Εὐεργέτας</span> <span class='ocrx_word' id='word_1_527' title='bbox 585 4281 830 4348; x_wconf 87' lang='grc' dir='ltr'>έπονομαςθέντας,</span> <span class='ocrx_word' id='word_1_528' title='bbox 851 4279 942 4334; x_wconf 87' lang='lat' dir='ltr'><strong>Strab.</strong></span> <span class='ocrx_word' id='word_1_529' title='bbox 963 4283 1005 4347; x_wconf 91' lang='grc'><strong>16,</strong></span> <span class='ocrx_word' id='word_1_530' title='bbox 1024 4283 1049 4346; x_wconf 89' lang='grc'><strong>3,</strong></span> <span class='ocrx_word' id='word_1_531' title='bbox 1070 4283 1104 4331; x_wconf 92' lang='grc'><strong>10</strong></span> <span class='ocrx_word' id='word_1_532' title='bbox 1122 4297 1149 4349; x_wconf 88' lang='grc' dir='ltr'><strong>ρ.</strong></span> <span class='ocrx_word' id='word_1_533' title='bbox 1164 4282 1223 4345; x_wconf 83' lang='grc'><strong>734,</strong></span> <span class='ocrx_word' id='word_1_534' title='bbox 1247 4277 1327 4334; x_wconf 88' lang='lat' dir='ltr'><strong>Diod.</strong></span> <span class='ocrx_word' id='word_1_535' title='bbox 1347 4285 1390 4347; x_wconf 92' lang='grc'><strong>17,</strong></span> 
     </span>
     <span class='ocr_line' id='line_1_54' title="bbox 221 4348 1391 4421; baseline -0.003 -13"><span class='ocrx_word' id='word_1_536' title='bbox 221 4358 263 4419; x_wconf 87' lang='grc'><strong>81,</strong></span> <span class='ocrx_word' id='word_1_537' title='bbox 284 4356 311 4419; x_wconf 68' lang='grc'><strong>1,</strong></span> <span class='ocrx_word' id='word_1_538' title='bbox 332 4351 405 4406; x_wconf 81' lang='lat' dir='ltr'><strong>Ourt.</strong></span> <span class='ocrx_word' id='word_1_539' title='bbox 423 4356 446 4419; x_wconf 93' lang='grc'><strong>7,</strong></span> <span class='ocrx_word' id='word_1_540' title='bbox 462 4359 486 4418; x_wconf 88' lang='grc'><strong>3,</strong></span> <span class='ocrx_word' id='word_1_541' title='bbox 506 4355 535 4417; x_wconf 84' lang='grc'><strong>1;</strong></span> <span class='ocrx_word' id='word_1_542' title='bbox 555 4352 650 4406; x_wconf 88' lang='lat' dir='ltr'><strong>lustin.</strong></span> <span class='ocrx_word' id='word_1_543' title='bbox 668 4356 709 4419; x_wconf 88' lang='grc'><strong>13,</strong></span> <span class='ocrx_word' id='word_1_544' title='bbox 730 4356 754 4421; x_wconf 93' lang='grc'><strong>6,</strong></span> <span class='ocrx_word' id='word_1_545' title='bbox 773 4357 789 4405; x_wconf 86' lang='grc'>9</span> <span class='ocrx_word' id='word_1_546' title='bbox 811 4349 975 4419; x_wconf 77' lang='lat' dir='ltr'><strong>‘Euergetas</strong></span> <span class='ocrx_word' id='word_1_547' title='bbox 996 4350 1043 4404; x_wconf 91' lang='lat' dir='ltr'><strong>uel</strong></span> <span class='ocrx_word' id='word_1_548' title='bbox 1061 4348 1171 4404; x_wconf 80' lang='lat' dir='ltr'><strong>Animas</strong></span> <span class='ocrx_word' id='word_1_549' title='bbox 1192 4349 1234 4403; x_wconf 91' lang='lat' dir='ltr'><strong>os’</strong></span> <span class='ocrx_word' id='word_1_550' title='bbox 1256 4352 1300 4417; x_wconf 85' lang='lat' dir='ltr'><strong>(ex</strong></span> <span class='ocrx_word' id='word_1_551' title='bbox 1318 4351 1391 4404; x_wconf 93' lang='lat' dir='ltr'><strong>coni.</strong></span> 
     </span>
     <span class='ocr_line' id='line_1_55' title="bbox 221 4367 1391 4491; baseline -0.003 -13"><span class='ocrx_word' id='word_1_552' title='bbox 221 4422 427 4491; x_wconf 77' lang='lat' dir='ltr'><strong>liutschmidii).</strong></span> <span class='ocrx_word' id='word_1_553' title='bbox 469 4422 544 4491; x_wconf 90' lang='lat' dir='ltr'><strong>apud</strong></span> <span class='ocrx_word' id='word_1_554' title='bbox 567 4421 648 4478; x_wconf 89' lang='lat' dir='ltr'><strong>Diod.</strong></span> <span class='ocrx_word' id='word_1_555' title='bbox 673 4425 702 4476; x_wconf 89' lang='lat' dir='ltr'><strong>et</strong></span> <span class='ocrx_word' id='word_1_556' title='bbox 725 4423 800 4478; x_wconf 80' lang='lat' dir='ltr'><strong>Cart.</strong></span> <span class='ocrx_word' id='word_1_557' title='bbox 814 4423 841 4476; x_wconf 88' lang='lat' dir='ltr'><strong>l.</strong></span> <span class='ocrx_word' id='word_1_558' title='bbox 866 4440 889 4478; x_wconf 87' lang='grc' dir='ltr'><strong>α.</strong></span> <span class='ocrx_word' id='word_1_559' title='bbox 915 4423 933 4474; x_wconf 96' lang='lat' dir='ltr'><strong>l.</strong></span> <span class='ocrx_word' id='word_1_560' title='bbox 953 4439 976 4476; x_wconf 91' lang='lat' dir='ltr'><strong>c.</strong></span> <span class='ocrx_word' id='word_1_561' title='bbox 1005 4421 1135 4476; x_wconf 90' lang='lat' dir='ltr'><strong>dicuntur</strong></span> <span class='ocrx_word' id='word_1_562' title='bbox 1158 4367 1316 4488; x_wconf 64' lang='grc' dir='ltr'>’λίριμαςποί</span> <span class='ocrx_word' id='word_1_563' title='bbox 1344 4421 1391 4475; x_wconf 91' lang='lat' dir='ltr'><strong>uel</strong></span> 
     </span>
    </p>
   </div>
   <div class='ocr_carea' id='block_1_14' title="bbox 0 0 1512 4922">
    <p class='ocr_par' dir='ltr' id='par_1_17' title="bbox 0 0 1512 4922">
     <span class='ocr_line' id='line_1_56' title="bbox 0 0 1512 4922; baseline 0 0"><span class='ocrx_word' id='word_1_564' title='bbox 0 0 1512 4922; x_wconf 95' lang='lat' dir='ltr'><strong> </strong></span> 
     </span>
    </p>
   </div>
  </div>
 </body>
</html>
