3014 4922
171 227 325 286 Alexandri
339 228 435 298 Magni
450 226 613 283 Macedonis
627 226 767 296 epitomas
780 243 872 284 rerum
886 227 1027 296 gestarum
1040 227 1112 281 liber
1126 226 1160 283 ll.
1212 227 1275 290 105

100 401 164 458 tum
183 397 268 456 XXX
292 395 414 456 milibus
440 396 628 471 ampliorem3
654 393 752 470 ipsum
777 395 888 454 Porum
911 395 1013 456 cubita
1035 394 1062 451 V
1085 412 1150 454 esse
1175 394 1278 455 altum.
1294 404 1332 458 55

99 505 136 546 ea
159 506 227 547 cum
246 479 256 566 ΙΙ
284 485 405 545 Taxilae
427 487 594 560 narrasset,
619 483 670 542 ille
697 484 797 543 studio
821 483 961 546 incensus
983 483 1186 560 nihilominus
1205 492 1214 547 ll
1232 494 1272 533 ¹0¹·
1287 489 1327 534 ⁹⁹³

100 595 160 653 qna
178 575 291 635 flumen
309 573 462 652 transiret,
488 572 648 649 cogitabat.
694 590 754 632 non
777 573 880 632 multis
908 575 977 648 post
995 571 1100 631 diebus
1119 572 1279 632 Abissares

100 665 228 724 fratrem
249 683 338 726 sunm
356 663 491 739 legatum
511 661 549 720 ad
568 660 771 719 Alexandrum
791 660 827 721 de
853 662 984 721 amicitia
1007 661 1099 720 misit.
1136 680 1202 720 cum
1223 661 1280 719 hoc

100 753 273 813 Alexander
285 751 427 812 Nicoclen
441 754 472 810 et
487 751 616 810 alterum
631 750 669 808 ad
683 749 803 827 Porum,
818 748 1009 828 Cleocharen,
1023 751 1140 826 legatos
1155 750 1279 826 remisit,
1320 770 1333 808 a

100 843 153 918 qui
172 843 212 901 ab
226 842 361 917 utrisque
377 838 560 915 stipendium
574 841 606 898 et
625 839 743 897 obsides
762 839 959 913 postularent.
993 839 1082 898 simul
1097 839 1175 898 Poro
1194 838 1279 896 iubet

101 930 174 1004 dici,
198 933 235 990 nt
253 929 290 989 ad
308 929 383 988 fines
405 928 462 989 sibi
484 930 605 1004 praesto
628 927 676 985 sit.
714 925 874 987 Abissares
892 928 1027 1002 legat-um
1050 927 1204 988 remittere
1226 944 1278 984 no·
1294 937 1332 990 56

101 1019 172 1094 luit,
202 1019 300 1080 Porus
328 1019 428 1078 autem
457 1016 510 1075 ubi
532 1015 663 1091 audiuit,
691 1015 739 1074 ire
761 1019 927 1076 commotus
952 1015 1132 1077 Cleocharen
1159 1034 1279 1075 caesum

100 1109 202 1186 plagis
219 1106 402 1167 uulnerauit.
447 1105 535 1166 simul
559 1108 591 1166 et
613 1104 774 1180 epistulam
794 1105 992 1180 conscriptam
1014 1105 1141 1168 tradidit
1158 1106 1214 1164 hoc
1232 1124 1280 1164 ex-

101 1197 215 1273 emplo:
236 1190 310 1254 ‘Rex
330 1195 471 1255 Indorum
489 1194 584 1254 Porus
598 1191 772 1252 Alexandro
792 1193 877 1253 dicit:
896 1195 1030 1270 quisquis
1050 1212 1082 1253 es
1103 1226 1141 1235 -
1160 1213 1231 1254 nam
1250 1197 1280 1252 te
1310 1213 1335 1252 ro

102 1285 192 1346 audio
212 1285 405 1344 Macedonem
425 1302 490 1343 esse
509 1315 551 1324 -
571 1281 683 1358 procul,
704 1282 819 1359 opinor,
843 1283 948 1342 abesse
973 1283 1067 1342 satius
1091 1287 1139 1342 est
1157 1286 1188 1344 et
1207 1283 1280 1341 alias

102 1373 241 1434 miserias
260 1376 406 1450 spectare,
424 1392 484 1431 non
500 1373 589 1431 alteri
602 1371 746 1430 inuidere.
782 1371 877 1431 Poma
892 1372 930 1431 ad
945 1372 1000 1431 hoc
1017 1375 1135 1448 tempus
1149 1373 1279 1434 inuictus
1296 1379 1333 1433 dl

102 1463 224 1524 dicitur.
261 1463 375 1521 Darius
398 1481 445 1520 me
463 1479 524 1519 non
543 1463 719 1520 commouet.
758 1460 891 1537 proinde,
914 1462 1016 1537 stulte,
1039 1461 1102 1519 noli
1126 1461 1281 1537 imperare.

103 1552 155 1610 sed
179 1551 259 1610 infer
283 1545 371 1610 modo
396 1549 538 1610 hostilem
565 1550 670 1624 pedem
694 1541 703 1628 ii
735 1551 766 1607 in
793 1569 893 1608 meum
925 1569 1032 1626 agrum
1052 1611 1056 1620 ,.
1065 1554 1095 1608 et
1126 1570 1193 1628 cog·
1211 1559 1219 1614 ΙΙ
1238 1560 1277 1602 rol.
1292 1553 1330 1600 eor

101 1659 207 1700 nosces
226 1659 274 1698 me
293 1639 437 1698 Indorum
455 1657 556 1714 regern
577 1655 652 1715 esse,
670 1637 744 1696 mihi
763 1640 865 1696 autem
884 1639 1037 1697 dominum
1056 1640 1203 1698 neminem
1223 1639 1281 1698 nisi
1309 1658 1334 1697 ιε

92 1729 215 1789 'Ionem
252 1732 283 1787 et
301 1728 474 1804 perignem
492 1745 634 1804 magnum
653 1728 800 1787 rectorem
824 1728 899 1786 caeli
918 1728 1012 1787 Porus
1031 1728 1124 1786 iurat:
1148 1729 1173 1786 si
1192 1746 1281 1804 quem

103 1823 226 1877 tuorum
254 1817 285 1874 in
313 1835 380 1875 meo
407 1835 480 1891 agro
508 1816 744 1892 deprehendero,
774 1816 838 1875 eius
867 1817 1012 1893 sanguine
1040 1835 1137 1875 meam
1163 1817 1282 1876 hastam

104 1906 269 1966 cruentabo
283 1924 319 1965 ac
332 1909 387 1964 tua
399 1904 478 1964 bona
492 1904 588 1964 seruis
608 1903 681 1963 meis
696 1902 843 1981 diuidam3
862 1923 931 1963 nam
946 1905 1021 1963 mihi
1035 1905 1160 1964 diuitiae
1176 1923 1279 1979 snper-

105 2007 183 2054 sunt
226 2014 319 2053 unum
342 1994 373 2052 id
396 1994 476 2069 quod
500 1992 585 2052 iubes
608 1993 730 2052 faciam:
756 1995 791 2051 ut
815 1993 872 2051 tibi
893 1996 1027 2052 armatus
1051 1986 1127 2071 <in>
1146 1993 1280 2052 confiniis

105 2087 226 2160 praesto
241 2077 320 2142 sim'
347 2083 404 2141 hac
422 2081 553 2158 epistula
571 2081 705 2157 perlecta
723 2082 860 2140 incensus
875 2081 1046 2142 Alexander
1064 2082 1138 2141 dicit
1156 2082 1279 2159 quibus·
1296 2090 1334 2143 58

104 2172 172 2231 dam
194 2172 307 2232 coactis
326 2172 498 2230 cohortibus
521 2188 557 2229 ac
577 2171 693 2247 turmis,
716 2173 751 2229 ut
774 2170 933 2229 confestim
957 2173 1161 2247 sequerentur.
1201 2171 1280 2246 apud
1309 2191 1333 2229 ιι

105 2261 272 2321 exercitum
291 2259 416 2336 reliquit
433 2260 572 2318 Attalum
591 2259 740 2335 quendam
756 2259 948 2319 Macedonem
966 2278 1025 2318 non
1044 2259 1219 2319 dissimilem
1234 2260 1280 2318 sui

106 2350 193 2427 eique
208 2349 381 2425 imperauit,
395 2351 430 2406 ut
444 2366 528 2408 suam
543 2347 731 2424 chlamydem
751 2349 842 2423 atque
857 2352 1033 2407 ornamenta
1046 2348 1131 2426 regia
1150 2351 1281 2408 sumeret

105 2443 136 2497 et
158 2438 293 2497 interdiu
316 2437 478 2496 identidem
506 2436 544 2494 ad
572 2435 703 2495 fluminis
726 2437 824 2512 ripam
851 2455 918 2495 cum
945 2436 1088 2496 comitatu
1115 2437 1278 2497 accederet.

105 2527 235 2602 imperat
258 2525 391 2598 Cratero,
414 2543 480 2584 cum
506 2543 538 2591 se
562 2525 782 2584 transflumen
810 2527 1025 2602 conspexisset,
1054 2528 1215 2585 exercitum
1244 2527 1278 2584 ut
1293 2534 1331 2588 59

106 2617 335 2692 transportaret.
357 2607 367 2694 11
390 2615 455 2690 ipse
479 2632 547 2672 cum
570 2614 686 2672 delecta
704 2613 789 2690 copia
806 2614 905 2690 prima
922 2618 1008 2674 nocte
1027 2616 1330 2678 secundumllf01-10⁰²

105 2723 225 2764 amnem
253 2704 372 2762 circiter
394 2703 494 2762 stadia
516 2701 565 2761 Oh
590 2720 767 2778 progressus
790 2703 820 2760 in
849 2703 914 2762 loco
940 2705 1058 2762 deserto
1086 2722 1122 2762 ac
1146 2704 1279 2762 siluestri
1308 2725 1333 2763 ar

84 2843 90 2856 .
106 2793 237 2870 quodam
252 2791 396 2852 consedit.
425 2791 468 2852 ibi
481 2790 605 2850 follibus
619 2791 730 2851 inflatis
749 2810 783 2850 ac
801 2791 929 2849 materia
942 2792 1040 2852 multa
1053 2791 1168 2850 deiecta
1181 2793 1280 2868 copias

107 2883 219 2942 flumen
239 2880 416 2940 transduxit.
454 2879 559 2940 deinde
579 2879 732 2954 expeditos
752 2881 789 2939 ad
808 2881 925 2939 hostem
944 2881 1051 2940 ducere
1070 2881 1176 2955 coepit.
1208 2883 1279 2940 tuno

106 2971 259 3042 Craterus,
279 2969 332 3047 qui
349 2968 457 3029 castris
475 2972 621 3044 praeerat
647 2969 699 3028 ubi
717 2968 807 3045 uidit,
831 2969 895 3044 ipse
918 2989 1034 3047 quoque
1052 2969 1165 3028 flumen
1183 2969 1213 3027 in
1233 2969 1279 3028 his
1307 2989 1334 3028 ao

107 3060 246 3135 nauibus,
270 3075 398 3135 quarum
416 3059 532 3135 copiam
557 3057 718 3133 habuerat,
740 3075 774 3116 ac
796 3058 913 3116 ratibus
939 3058 1102 3117 exercitum
1125 3062 1279 3134 transpor-

106 3150 194 3212 tauit.
235 3147 329 3206 Porus
348 3147 400 3206 nbi
422 3151 546 3224 repente
570 3147 644 3206 duos
667 3146 815 3205 exercitus
834 3147 919 3223 uidit,
946 3151 1113 3207 commotus
1132 3146 1280 3220 proelium
1294 3155 1333 3208 80

106 3255 174 3296 cum
194 3235 365 3296 Alexandro
388 3236 575 3296 committere
598 3234 734 3294 intendit.
776 3234 896 3293 interim
921 3234 1063 3295 Craterus
1090 3235 1280 3296 descensione

107 3327 188 3385 facta
206 3325 354 3400 impetum
371 3343 406 3383 ex
425 3325 521 3384 altera
539 3327 626 3400 parte
640 3323 700 3382 dat
738 3323 783 3382 ita
800 3323 924 3399 ancipiti
942 3325 1073 3399 periculo
1092 3324 1163 3384 Pori
1178 3325 1280 3400 copiae

106 3434 174 3475 oum
195 3415 405 3490 arguerentur,
418 3413 513 3494 ¹togae
537 3431 568 3470 se
592 3412 755 3472 mandauit.
792 3412 963 3472 Alexander
981 3413 1110 3489 imperat
1129 3412 1184 3486 his,
1204 3431 1279 3488 quos
1307 3432 1333 3472 cs

108 3505 321 3580 hippotoxotas
345 3502 456 3578 dicunt,
476 3502 602 3578 sagittas
627 3501 657 3560 in
675 3501 786 3561 Porum
811 3501 855 3560 uti
879 3501 1060 3577 conicerent,
1083 3503 1188 3560 ceteris
1214 3519 1279 3576 par-

107 3595 218 3651 cerent.
259 3591 311 3649 ille
334 3590 387 3650 ubi
410 3609 510 3650 eorum
534 3590 759 3649 multitudinem
782 3589 825 3648 ire
849 3588 887 3648 ed
910 3607 942 3649 se
960 3590 1049 3662 uidit,
1075 3605 1142 3646 cum
1165 3589 1279 3664 ipsein

107 3681 269 3756 elephanto
283 3725 361 3739 .....
376 3679 513 3755 instaret,
527 3697 564 3737 ne
581 3696 612 3738 se
626 3678 708 3738 hosti
742 3679 851 3737 dedere
865 3679 1068 3753 cunctaretur,
1082 3696 1189 3738 manus
1208 3683 1328 3742 1122100ῐ

190 3835 213 3914 Ι1
234 3829 455 3914 milibuslmilia
526 3836 542 3884 2
557 3845 641 3912 supra
657 3830 818 3912 ‘narrasset’
831 3827 943 3897 scripsit
954 3847 995 3925 pr,
1006 3845 1056 3884 m.:
1072 3828 1130 3883 ‘uel
1141 3859 1172 3870 -
1187 3830 1240 3884 ret’

108 3901 303 3973 8Abrssares]
322 3901 417 3957 abrasa
435 3919 483 3957 rex
576 3902 738 3957 tnrcoclen
764 3901 889 3971 [litteras
910 3899 954 3954 ‘oo
985 3915 1015 3952 ιιι
1035 3915 1104 3956 corr.
1124 3903 1153 3954 et
1171 3919 1225 3956 ras.
1245 3917 1278 3954 er

108 3973 221 4098 titi.
285 3971 479 4114 *ithus*
498 3971 696 4098 “little
744 3970 1138 4112 distillatum*
1155 3977 1278 4116 stell

108 4063 226 4170 iiisernit
240 4113 398 4168 Volkmann
424 4119 428 4182 Ι
453 4114 591 4186 confiniis]
616 4114 743 4180 confinis;
768 4131 837 4170 corr.
852 4112 1010 4168 Volkmann
1109 4119 1144 4167 20
1168 4113 1278 4182 quihus·

108 4186 185 4257 dans]
203 4185 305 4254 quibus
381 4191 413 4240 21
431 4184 557 4250 cohaetie
630 4185 844 4256 teclamidurnl
860 4185 994 4255 sumeret]
1010 4185 1104 4239 sumat
1181 4191 1214 4238 at
1230 4183 1278 4252 ad]

108 4257 321 4328 alcommeatu
401 4263 436 4311 26
454 4255 514 4325 ipse
534 4257 610 4328 cum]
629 4257 688 4326 ipse
708 4273 801 4310 seeum
882 4259 916 4308 85
936 4259 1119 4324 arguerentur
1197 4261 1230 4310 36
1250 4253 1278 4307 in

108 4327 225 4398 Porum]
245 4329 381 4396 imporunr
404 4333 408 4396 Ι
434 4323 620 4387 οοιιὶἓοοιιιιιι
638 4325 705 4398 [luit
724 4326 762 4380 ‘c'
783 4327 811 4380 in
831 4342 884 4382 ras.
904 4328 935 4380 ut
954 4326 1077 4399 uidetur]
1151 4331 1185 4380 38
1204 4324 1279 4380 lecu·

107 4415 171 4456 nam
191 4399 293 4454 statuit
311 4379 522 4467 miseconem]
538 4397 726 4470 cunctaretur]
745 4401 892 4454 conaretur
