3014 4922
220 263 283 327 102
717 264 748 319 Ο.
764 264 900 334 Wagner:

219 453 300 491 mum
318 431 420 492 Indiae
440 433 558 492 Silioem
578 451 644 492 cum
663 433 827 511 accederet,
846 453 881 493 ex
896 434 1004 510 oppido
1024 434 1135 493 armati
1154 432 1299 492 exierunt.
1336 435 1390 493 hos

219 523 366 599 effugatos
385 522 465 581 intra
484 525 603 598 portam
622 522 740 598 redigit.
777 526 883 598 postea
909 524 1073 583 exercitum
1092 543 1195 582 eorum
1214 526 1390 582 consecutus

165 630 204 670 son
216 623 267 671 nor
281 625 290 682 11
310 614 362 670 est.
373 603 383 690 ll
397 611 539 686 oppidum
553 610 738 688 expugnauit
751 612 938 687 puberesque
955 632 1065 689 omnes,
1081 615 1115 670 ut
1129 615 1243 670 metum
1257 611 1391 686 iniceret,

220 699 334 759 occidit.
372 700 441 758 inde
460 718 636 776 progressus
656 699 694 758 ad
713 701 854 776 oppidum
868 702 1071 776 praecinctum
1088 701 1181 760 uenit.
1217 699 1262 758 ibi
1280 700 1389 761 obsidi-

166 798 204 852 36
220 789 276 847 bus
300 788 429 864 acceptis
457 788 639 864 praesidium
668 788 834 848 collocauit.
881 809 917 848 ex
941 809 974 850 eo
1002 789 1139 866 protinus
1168 783 1389 867 <progressus>

193 875 351 937 sOOXXX
375 876 473 936 stadia
495 897 550 953 per
573 896 679 955 agrum
701 877 856 954 Nysaeum
885 878 1023 955 peruenit
1046 879 1084 938 ad
1111 878 1253 954 oppidum
1276 877 1391 954 Nysam

220 966 448 1042 inprudentibus
472 966 608 1043 Nysaeis.
651 966 791 1042 oppidani
814 968 865 1026 ubi
888 968 918 1025 id
938 971 1103 1044 senserunt,
1129 967 1245 1043 legatos
1265 967 1391 1026 adeum

221 1055 349 1113 maiores
368 1058 443 1114 natu
457 1055 646 1132 pacificatum
661 1057 806 1114 miserunt
820 1057 926 1133 hisque
940 1057 1055 1133 placuit
1074 1056 1104 1114 in
1120 1055 1306 1131 deprecando
1326 1057 1391 1132 regi

219 1145 431 1219 demonstrare,
450 1163 537 1220 quem
552 1144 726 1203 admodum
741 1143 832 1202 Liber
847 1145 946 1222 Pater,
961 1164 1027 1204 cum
1041 1144 1289 1220 perambulasset,
1307 1145 1389 1221 oppi-

180 1232 290 1292 rodum
312 1232 428 1309 Nysam
457 1237 487 1292 et
515 1233 669 1292 ciuitatem
691 1233 894 1310 Nysaeorum,
923 1235 1078 1294 hominum
1103 1233 1127 1290 L
1156 1232 1250 1305 milia,
1281 1233 1390 1293 consti·

219 1321 339 1396 tuisset‚
367 1326 557 1397 montemque
581 1323 685 1397 procul
714 1323 891 1399 ostendunt,
918 1343 1007 1398 quem
1030 1321 1081 1380 ille
1106 1341 1141 1380 ex
1166 1323 1308 1399 progenie
1337 1341 1391 1381 sna
1447 1362 1452 1373 ι

219 1411 322 1469 Meron
350 1411 545 1486 appellasset,
578 1414 749 1487 quantaque
784 1412 965 1470 amoenitate
994 1414 1073 1470 esset
1100 1411 1389 1469 demonstrauorunt.

165 1505 201 1561 37
221 1497 326 1557 deinde
345 1500 434 1557 simul
453 1517 554 1558 omnes
574 1500 688 1576 flentes,
706 1518 744 1557 ne
758 1498 860 1558 Liberi
875 1500 974 1558 Patris
993 1499 1176 1558 monimenta
1195 1518 1229 1558 ac
1248 1499 1392 1559 beneficia

218 1587 352 1660 tolleret,
377 1587 533 1647 obsecrare
564 1588 737 1662 coeperunt,
764 1588 870 1665 hisque
895 1589 1063 1647 Alexander
1090 1589 1192 1664 oppidi
1219 1587 1391 1648 libertatem

177 1694 203 1734 15
219 1695 331 1751 suaque
350 1677 449 1735 omnia
463 1676 593 1736 reddidit
608 1678 824 1754 Augypemque
842 1676 967 1753 imperio
982 1676 1126 1753 praeficit.
1159 1695 1286 1752 eumque
1300 1675 1400 1735 Alex-i

163 1785 202 1824 sor.
213 1779 267 1826 111³
289 1782 299 1839 u
327 1765 418 1824 ander
436 1767 526 1842 petit,
550 1768 585 1824 ut
603 1765 686 1824 uiros
709 1766 803 1824 bonos
827 1769 945 1825 centum
970 1767 1078 1825 electos
1098 1757 1106 1846 ll
1125 1784 1225 1825 secum
1247 1765 1390 1825 mitteret.

164 1863 201 1917 38
220 1854 364 1931 Augypes
383 1856 536 1930 respondit
550 1855 664 1913 nullam
679 1854 832 1914 ciuitatem
847 1858 927 1914 stare
941 1873 1038 1932 posse,
1058 1873 1166 1929 exque
1181 1854 1287 1928 optimi
1302 1852 1324 1912 O
1340 1855 1391 1913 ab·

217 1943 300 2003 ducti
319 1947 426 2003 essent.
461 1938 498 2002 ‘si
516 1938 581 2003 nos'
602 1943 701 2019 inquit
720 1938 778 2003 ‘uis
799 1943 908 2020 saluos
927 1943 1028 2019 potius
1046 1942 1275 2018 inprobissimos
1294 1943 1391 2002 abduc

218 2027 382 2092 ducentos?
418 2033 449 2091 id
468 2032 637 2092 Alexandro
657 2033 815 2092 ridiculum
841 2037 870 2093 et
893 2051 1000 2092 uerum
1026 2032 1124 2090 uisum
1143 2034 1196 2089 est.
1235 2030 1342 2089 deinde
1361 2035 1392 2090 et

179 2143 205 2180 ro
219 2122 323 2181 Meron
346 2121 489 2180 ascendit.
525 2124 608 2180 totus
627 2141 700 2196 ager
725 2141 803 2197 aqua
834 2122 1008 2181 abundabat
1031 2123 1062 2180 et
1087 2119 1218 2178 omnium
1245 2137 1391 2196 generum

165 2219 203 2273 32
219 2210 361 2269 arborum
389 2210 640 2268 feracissimarum
675 2206 731 2284 [et]
761 2211 897 2270 ubertate
930 2213 996 2269 erat
1027 2209 1168 2284 repletus.
1219 2207 1289 2266 inde
1322 2227 1392 2283 pro-

215 2300 312 2357 fectus
331 2296 491 2357 cordiaeos
510 2300 626 2357 montes
645 2299 763 2358 transit.
800 2299 838 2358 ad
859 2301 1028 2374 satrapeam
1048 2299 1230 2356 Assacanam
1253 2297 1391 2373 deuenit,

216 2387 323 2446 deinde
347 2386 385 2445 ad
408 2387 551 2462 oppidum
576 2386 699 2462 Mazaga
721 2388 859 2463 accessit,
887 2388 919 2446 in
946 2406 1004 2463 quo
1033 2386 1172 2464 regnauit
1199 2385 1390 2461 Mesagenus,

217 2476 301 2535 cuius
319 2479 389 2550 post
408 2478 534 2534 mortem
559 2477 656 2534 mater
676 2473 793 2551 Cleopis
817 2495 884 2536 cum
908 2476 970 2535 eius
994 2475 1056 2534 filio
1080 2475 1212 2551 patrium
1230 2473 1390 2547 imperium

176 2585 201 2625 ss
216 2565 372 2624 obtinebat
388 2561 432 2639 [in
446 2561 526 2640 quo].
547 2564 627 2640 regis
642 2564 911 2624 fraterAmminais
926 2561 1294 2624 mercennariorumVIIII
1307 2563 1393 2621 milia

215 2655 422 2714 introduxerat
441 2654 470 2711 in
486 2654 648 2713 ciuitatem.
681 2654 853 2715 cohortatus
868 2657 971 2714 contra
985 2653 1190 2712 Alexandrum
1209 2654 1391 2710 armauerat.

221 2741 336 2820 [pugna
354 2743 497 2802 Indorum
516 2745 547 2801 et
565 2742 736 2802 Alexandri.
773 2743 944 2803 Alexander
968 2745 998 2802 et
1022 2762 1074 2800 rex
1092 2741 1235 2799 Indorum
1254 2738 1391 2799 Amineis

165 2840 203 2895 40
217 2830 272 2907 in].
292 2832 433 2908 oppidum
446 2832 478 2890 in
488 2832 614 2892 circuitu
622 2832 731 2890 XXXV
740 2830 848 2908 [milia]
857 2827 1031 2910 <stadium>
1042 2848 1145 2889 murus
1161 2848 1195 2888 ex
1211 2847 1281 2888 saxo
1291 2828 1392 2905 cinge·

163 2941 201 2980 f01.
213 2935 264 2982 111r
278 2939 288 2995 p
313 2921 367 2980 bet
385 2922 524 2998 fossaque
538 2923 603 2980 crat
616 2925 706 2980 nasta
724 2922 883 2981 munitum.
912 2922 968 2980 hoo
981 2912 990 3002 Η
1006 2919 1175 2979 Alexander
1195 2917 1327 2975 militum
1345 2935 1393 2976 co·

178 3031 204 3070 co
218 3029 292 3069 rona
307 3008 489 3069 circumdata
503 3028 678 3085 oppugnare
693 3011 829 3070 intendit.
844 3012 892 3069 hic
907 3009 977 3067 dum
986 3010 1050 3083 ipse
1066 3009 1176 3066 circum
1190 3005 1308 3065 moenia
1322 3005 1390 3064 ade-

218 3098 337 3174 quitans
364 3116 434 3156 suos
453 3098 602 3174 hortatur,
621 3101 744 3172 repente
763 3118 781 3157 a
804 3117 887 3156 muro
908 3098 1001 3155 missa
1026 3095 1140 3170 sagitta
1158 3112 1243 3152 crure
1268 3094 1392 3153 sinistro

217 3203 375 3264 percussus
399 3190 453 3244 est.
496 3185 526 3243 id
554 3187 647 3244 telum
676 3190 835 3262 postquam
858 3186 994 3245 euolsum
1022 3186 1081 3260 est,
1106 3182 1153 3241 uis
1182 3200 1294 3258 magna
1322 3201 1391 3241 san-

217 3275 316 3354 guinis
336 3277 439 3334 secuta
467 3277 520 3333 est.
567 3293 663 3349 neque
683 3293 717 3332 eo
736 3275 832 3351 magis
850 3274 929 3332 male
948 3270 1083 3330 adfectus
1105 3271 1219 3348 proelio
1244 3271 1391 3331 discessit.

218 3365 332 3424 deiecto
352 3364 476 3421 uulnere
497 3381 590 3439 eoque
609 3362 705 3437 magis
725 3362 880 3439 magisque
900 3409 907 3422 .
923 3408 928 3421 .
944 3407 951 3420 .
967 3408 974 3422 .
993 3360 1104 3420 milites
1125 3361 1273 3436 hortatur,
1297 3361 1393 3419 testu·

164 3459 199 3514 41
221 3449 392 3530 dincs[que]
411 3471 445 3511 ao
459 3451 552 3511 turris
566 3455 602 3510 ut
616 3453 653 3511 ad
669 3471 786 3510 murum
801 3450 963 3527 appellant.
990 3452 1055 3508 tum
1069 3449 1244 3508 Macedones
1261 3466 1295 3506 eo
1310 3449 1392 3525 cupi-

179 3561 205 3600 es
220 3544 287 3602 dius
305 3562 375 3620 rege
395 3542 495 3601 saucio
515 3541 603 3600 scalis
623 3541 769 3617 appositis
794 3540 903 3616 oppido
926 3539 1017 3614 potiri
1036 3539 1183 3598 nituntur.
1220 3536 1273 3595 alii
1292 3555 1308 3595 c
1327 3541 1391 3596 tur·

306 3701 323 3748 4
342 3691 547 3764 praecinctum]
561 3692 733 3761 procinctum
752 3694 756 3760 Ι
773 3689 929 3763 obsidibus]
948 3709 980 3745 ex
996 3689 1169 3744 ‘obsedibus’
1186 3705 1254 3743 corr.
1264 3706 1306 3757 pr.
1317 3706 1352 3743 m.

218 3761 459 3839 5<progressus>
478 3763 574 3816 addidi
640 3771 791 3833 tnyseum
858 3761 1097 3831 8pacificandum
1158 3766 1191 3815 10
1210 3759 1390 3832 nisaeoruml

217 3837 394 3891 constituisse
487 3839 518 3887 12
538 3851 650 3889 meroen
743 3839 776 3888 14
794 3835 926 3888 libertate
1008 3836 1041 3886 15
1061 3831 1199 3901 praeficit]
1218 3830 1356 3899 praecipit

219 3907 392 3989 recentum]
408 3907 538 3974 acentum
603 3913 634 3959 17
650 3922 705 3974 quo
770 3911 802 3960 18
818 3906 924 3974 essent]
940 3905 1006 3957 sunt
1065 3907 1100 3956 20
1115 3918 1226 3956 meroen
1288 3907 1319 3954 21
1350 3903 1390 3975 et]

217 3979 324 4033 deleuit
337 3977 546 4042 Reitzenstein!
570 3975 654 4043 idnde
674 3977 734 4047 [sed
754 3976 850 4032 littera
868 3975 944 4044 prior
963 3974 981 4027 d
1000 3975 1135 4042 expuncta
1156 3974 1199 4026 est
1218 3973 1247 4026 et
1265 3971 1342 4026 eluta

217 4057 250 4104 22
265 4048 450 4118 Assacanam]
471 4064 604 4116 saganam
677 4054 710 4101 23
730 4047 1004 4117 Mazaga]mazanam
1076 4050 1110 4097 25
1130 4042 1172 4114 [in
1187 4043 1255 4113 quo]
1275 4042 1388 4114 deleuit

217 4118 482 4188 mercennariorum]
503 4136 537 4172 ex
561 4117 805 4175 ‘mercennarium’
827 4135 896 4173 corr.
911 4136 952 4187 pr.
967 4135 1005 4170 m.
1078 4119 1111 4168 26
1131 4113 1244 4169 ciuitate
1265 4117 1269 4181 1
1293 4115 1392 4169 cohor-

217 4191 306 4263 tatus]
322 4207 355 4246 ex
372 4191 641 4256 ‘cohortatur'com
711 4194 815 4245 27-28
832 4190 941 4263 [pugna
1003 4186 1060 4258 in]]
1073 4185 1170 4308 ,qeleui
1237 4190 1272 4239 28
1287 4185 1390 4258 [milia]

219 4315 311 4371 aereus
328 4317 332 4386 i
347 4313 513 4388 (suorum)
533 4314 643 4370 aaaron
661 4314 851 4370 Reitzenstein
924 4319 957 4366 30
977 4278 1137 4380 assatas
1210 4309 1391 4392 asloensem

220 4442 321 4498 statuit
330 4440 519 4496 Reitzenstein
566 4446 600 4496 35
612 4441 690 4513 [que]
702 4439 807 4511 deleuit
821 4437 966 4508 appellent
1011 4442 1045 4490 36
1055 4435 1202 4507 nutunturl
1215 4399 1391 4508 alipl„turrib;
