3014 4922
549 1265 886 1364 Prolegomeno.

220 1481 332 1542 Incerti
351 1482 482 1542 auctoris
502 1475 644 1558 ‘epitome
664 1486 938 1558 rerumgestarum
959 1481 1123 1542 Alexandri
1142 1477 1257 1561 Magni'
1275 1484 1307 1543 in

130 1589 202 1647 uno,
226 1575 262 1629 nt
285 1590 362 1630 nunc
385 1590 433 1630 res
452 1574 515 1644 est,
540 1570 617 1630 libro
640 1590 732 1629 manu
755 1571 867 1647 scripto
890 1571 1055 1649 inuenitur,
1079 1572 1131 1648 qui
1153 1591 1231 1632 nunc
1253 1594 1307 1632 nu-

87 1727 93 1739 ,
130 1679 212 1720 mero
238 1661 303 1720 500
326 1651 413 1740 (olim
432 1659 458 1719 G
479 1651 538 1739 53)
562 1659 700 1736 signatus
724 1660 803 1718 inter
826 1659 920 1719 libros
944 1659 1145 1720 bibliothecae
1170 1661 1308 1738 publicae

130 1749 289 1808 Mettensie
308 1752 484 1808 asseruatur
502 1751 650 1824 numaque
664 1748 838 1808 monasterii
853 1748 955 1807 Sancti
964 1747 1115 1824 Aruulphi
1130 1750 1202 1809 olim
1215 1771 1308 1826 prope

131 1837 216 1895 illam
235 1837 340 1898 urbem
360 1837 410 1897 siti
429 1841 504 1897 erat.
541 1841 589 1896 est
610 1837 689 1896 liber
710 1836 967 1916 membranaceus,
986 1837 1106 1897 formae
1128 1840 1308 1916 colonariae,

132 1927 253 1984 saeculo
268 1927 381 1986 decimo
397 1927 535 2003 scriptus,
554 1945 642 2002 quem
657 1944 735 1985 anno
750 1926 841 1984 huius
856 1926 968 1985 sacculi
981 1926 1059 1985 XLI.
1074 1928 1204 2002 inspexit
1218 1931 1308 2005 atquc

131 2014 293 2090 descripsit
307 2014 403 2074 Iulius
418 2014 582 2084 Quicherat
601 2007 652 2094 (cf.
668 2008 846 2091 ‘catalogue
860 2015 981 2092 general
994 2015 1047 2073 des
1061 2016 1240 2075 manuscrits
1255 2017 1308 2075 des

130 2102 352 2179 bibliothequcs
370 2104 532 2180 publiqnes
551 2103 603 2162 des
618 2097 861 2179 departcments,'
880 2106 952 2162 tom.
967 2102 992 2159 V
1010 2105 1094 2164 1879
1110 2124 1138 2179 p.
1152 2097 1308 2186 lS'Isqq.),

132 2211 227 2268 neque
245 2196 347 2250 tamen
366 2210 402 2252 ea
420 2191 557 2251 adhibita
575 2210 647 2251 cura
665 2193 697 2251 et
715 2191 887 2268 diligentia,
910 2193 945 2250 ut
963 2189 1031 2251 acta
1049 2192 1147 2269 egisse
1166 2193 1240 2252 mihi
1264 2193 1308 2252 ui-

132 2280 214 2355 dear,
233 2281 259 2339 si
278 2298 354 2358 qnae
373 2281 434 2340 hoc
451 2281 529 2341 libro
548 2280 740 2340 continentur
757 2281 862 2357 paucis
881 2281 1127 2341 enumerauerim.
1166 2286 1256 2358 atque
1275 2286 1310 2342 ut

135 2369 172 2428 de
191 2371 314 2428 externa
332 2369 401 2429 libri
420 2370 519 2446 specie
536 2371 667 2445 primum
687 2368 797 2445 dicam,
820 2373 938 2429 constat
960 2369 1040 2429 loliis
1064 2375 1184 2429 centum
1208 2374 1309 2446 septu·

136 2458 240 2532 aginta
258 2476 310 2516 sex
332 2458 429 2534 iisque
453 2457 589 2517 diuersae
613 2458 738 2534 originis
762 2477 796 2517 ao
819 2459 897 2517 uarii
920 2459 1090 2536 argumenti
1111 2478 1166 2535 per
1189 2462 1309 2535 quater·

136 2545 239 2606 niones
263 2547 463 2624 complicatis,
486 2565 613 2623 quorum
635 2551 738 2606 tamen
761 2546 832 2606 ordo
855 2547 1022 2623 bibliopegi
1040 2550 1163 2623 stupore
1181 2548 1310 2623 pessime

135 2635 277 2694 turbatus
294 2639 348 2694 est.
377 2636 561 2712 compositus
576 2636 655 2696 enim
673 2639 720 2695 est
738 2636 837 2695 tribus
856 2655 892 2694 ex
906 2635 991 2694 libris
1005 2637 1109 2694 eadem
1124 2637 1187 2695 fere
1200 2639 1309 2708 aetate,

134 2723 214 2799 quod
232 2724 380 2782 decimum
399 2743 465 2784 esse
485 2725 637 2792 saeculum
656 2726 715 2783 iam
735 2724 871 2801 diximus,
891 2724 1033 2800 exaratis3
1055 2723 1162 2800 quibus
1181 2724 1309 2784 diuulsis

133 2831 166 2870 oo
177 2812 327 2872 truncatis
341 2812 484 2889 quicquid
498 2832 602 2872 eorum
617 2816 773 2889 supererat
786 2831 847 2872 uno
862 2813 926 2889 hoo,
941 2812 1020 2887 quod
1034 2816 1141 2885 exstat,
1157 2813 1309 2871 uolumine

132 2901 380 2977 comprehensum
399 2905 461 2974 est,
484 2905 574 2977 prout
592 2903 655 2961 fors
674 2901 724 2960 uel
746 2901 840 2961 libido
864 2900 989 2977 pusillas
1012 2901 1155 2977 reliquias
1182 2902 1310 2977 operarii

133 2989 270 3048 manibus
286 2989 449 3050 obtulerat.
472 2991 534 3049 iam
547 2989 642 3064 igitur
655 2989 798 3050 restituto
813 2989 941 3065 pristino
957 2989 1059 3048 ordine
1072 3007 1198 3066 quaeex
1212 2990 1309 3048 tribus

132 3078 194 3138 illis
213 3078 300 3137 libris
321 3081 486 3154 supersunt
504 3095 721 3138 enumeremus.
758 3082 849 3154 atque
867 3077 958 3154 primi
976 3077 1047 3136 libri
1066 3079 1140 3138 haec
1159 3083 1242 3137 sunt:

221 3160 254 3249 a)
274 3161 439 3242 ‘eulogium
458 3166 592 3226 Hubaldi
610 3168 647 3226 de
666 3161 771 3226 caluis'
789 3159 856 3247 (fol.
873 3161 998 3245 12—5')
1017 3167 1096 3242 quod
1116 3184 1235 3226 carmen
1259 3158 1308 3245 (el.

131 3255 187 3316 Ad.
202 3255 297 3315 Ilbert
315 3248 398 3332 ‘alig
413 3254 519 3316 Gesch.
539 3254 567 3316 d.
582 3255 654 3315 Litt.
674 3256 725 3314 des
740 3255 817 3314 Mile
835 3255 876 3314 im
892 3248 1101 3315 Abendlande'
1120 3255 1166 3313 III
1186 3275 1213 3330 p.
1231 3256 1309 3335 167)

133 3363 169 3404 ex
183 3343 271 3421 Casp.
282 3343 391 3403 Rarthi
405 3338 658 3403 ‘aduersariorum
673 3343 952 3404 commentariorum
967 3337 1064 3402 libris'
1074 3343 1210 3404 Francos.
1224 3345 1308 3404 1624

133 3453 160 3507 p.
176 3435 262 3493 2175
274 3452 338 3510 sqq.
357 3432 397 3491 ad
414 3432 541 3492 uerbum
560 3431 708 3509 expressit
721 3431 750 3494 J.
760 3433 793 3494 P.
806 3432 905 3509 Migne
924 3432 955 3491 in
974 3426 1170 3492 ‘collectionis
1189 3434 1308 3507 patruni

133 3515 321 3581 Latinorum'
336 3521 395 3582 uol
410 3519 548 3580 CXXXII
563 3523 647 3582 1853
662 3542 692 3597 p.
708 3523 791 3581 1041
805 3540 868 3598 sqq.
888 3524 1005 3581 constat
1024 3539 1152 3600 carmen,
1171 3521 1260 3595 quale
1279 3519 1309 3578 in

133 3609 211 3670 libro
233 3609 378 3670 Mettensi
404 3609 527 3687 legitur,
554 3611 692 3671 uersibus
717 3609 850 3686 CXLIV,
877 3609 994 3670 omissis
1022 3608 1163 3669 uersibus
1191 3608 1309 3668 XLIlIo

134 3691 245 3778 (bessa
263 3699 462 3772 caluastrum,
486 3717 572 3759 cessa
590 3699 745 3758 corrodere
765 3691 877 3780 cessa')
900 3701 931 3757 et
949 3697 1061 3758 (IXXlo
1084 3691 1310 3778 (conquinisce,

135 3787 225 3864 oanis,
240 3787 412 3864 confingens
426 3787 552 3848 crimina
565 3779 696 3869 caluis'),
711 3786 832 3848 insertis
847 3791 948 3846 tamen
962 3790 1030 3863 post
1040 3805 1162 3846 uersum
1171 3785 1308 3845 XXXIII.

134 3876 270 3936 uersibus
291 3877 407 3952 decern,
430 3894 559 3954 quorum
581 3876 741 3936 nonnullos
765 3875 826 3935 iam
843 3875 921 3951 Aug.
941 3875 1001 3934 Mai
1024 3870 1072 3934 ‘ex
1091 3875 1224 3951 antiquis
1245 3874 1309 3950 qui·

134 3964 261 4024 busdam
270 3963 434 4025 Vaticanae
448 3963 648 4026 bibliothecae
662 3958 855 4024 membranis'
871 3964 982 4040 publici
1001 3964 1074 4022 iuris
1090 3963 1163 4024 lecit
1175 3963 1206 4022 in
1221 3957 1309 4022 ‘clas-

135 4053 265 4114 sicorum
279 4057 436 4113 auctorum
450 4052 632 4114 eVaticanis
647 4048 799 4114 codicibus
814 4046 974 4112 editorum'
989 4053 1082 4112 uol.V
1097 4054 1181 4112 1833
1198 4072 1225 4128 p.
1235 4053 1309 4112 460.

135 4161 209 4218 quos
227 4159 337 4202 uersus
355 4143 411 4200 hoc
429 4143 494 4202 loco
513 4143 621 4202 afferre
639 4142 827 4217 supersedeo.

222 4223 258 4312 b)
277 4231 425 4307 epistulae
444 4249 522 4308 quae
541 4231 679 4290 feruutur
695 4229 796 4289 Sancti
811 4229 898 4288 Pauli
917 4229 954 4286 au
975 4227 1117 4286 Senecam
1137 4230 1168 4286 et
1182 4226 1310 4286 Senecae

135 4319 171 4378 ed
196 4319 324 4380 Paulum
348 4338 415 4379 oum
437 4319 623 4396 praelatione
647 4318 751 4378 Sancti
774 4317 950 4394 Hieronymi
977 4306 1042 4393 (Iol.
1065 4317 1177 4374 6⁸-8¹
1199 4317 1230 4374 et
1254 4315 1310 4372 25¹

135 4401 258 4490 -27·).
297 4427 393 4485 neque
412 4409 501 4468 huius
521 4409 630 4470 codicis
649 4425 746 4483 neque
765 4407 838 4482 eius,
863 4405 913 4481 qui
937 4422 1061 4463 nurnero
1086 4406 1150 4462 300
1174 4403 1310 4478 elgnatua

1055 4499 1091 4554 7*
