3014 4922
472 1226 721 1324 Appendix
750 1227 1109 1304 adnotationum.

152 1452 204 1501 aar
295 1433 446 1505 epitomae]
467 1436 502 1489 ad
518 1437 637 1491 formam
654 1435 800 1505 ‘epitoma’
818 1437 852 1491 cf.
867 1435 990 1506 Georges
1007 1437 1143 1493 ‘beriton
1157 1438 1207 1492 der
1220 1437 1271 1492 lat.
1284 1439 1380 1494 Wort-

206 1505 324 1557 l'ormen'
345 1523 372 1573 p.
388 1512 439 1560 248
455 1525 475 1560 s.
490 1525 516 1561 u.
554 1510 677 1562 ceterum
697 1505 731 1561 de
752 1507 855 1562 ‘rerum
874 1509 1025 1576 gestarum'
1047 1510 1160 1563 auctore
1177 1508 1292 1577 eiusque
1313 1508 1380 1564 libri

206 1574 391 1643 epitomatore
410 1578 466 1630 iarn
486 1577 516 1630 in
534 1579 660 1647 prolegg.
679 1577 808 1646 diximus,
828 1596 882 1646 qno
901 1579 963 1634 loco
982 1580 1017 1634 de
1036 1579 1173 1634 industria
1192 1597 1226 1632 na
1241 1579 1380 1633 hariolari

205 1645 365 1700 uideremur
384 1647 485 1702 Suidae
504 1649 597 1702 locum
614 1647 766 1716 omisimus,
786 1650 835 1718 qui
854 1665 875 1705 s.
889 1669 915 1704 u.
937 1651 1051 1718 Βάρρων
1070 1651 1139 1704 haec
1158 1650 1289 1718 praebet:
1310 1652 1402 1718 ἱττο-ι

204 1718 287 1783 ρικόε.
325 1719 458 1786 ἐπιτομὴν
481 1726 539 1774 τῶν
563 1722 628 1774 καθ’
648 1721 826 1787 Ἀλέξανδρον
853 1723 903 1775 τὸν
932 1722 1089 1776 Μακεδόνα.
1126 1721 1175 1774 sed
1204 1738 1276 1789 quae
1304 1722 1380 1776 inter

205 1790 278 1841 buno
291 1787 451 1871 ‘Varronem
475 1792 504 1845 et
529 1790 665 1860 epitomes
691 1795 832 1846 auctorem
860 1792 1017 1846 intercedat
1043 1791 1231 1859 necessitudo,
1260 1792 1379 1846 uideant

204 1875 369 1928 sagaciores.

152 1949 204 1998 aaa
292 1929 364 1984 liber
382 1931 420 2003 Il]
444 1931 479 1985 ab
498 1932 533 1986 iis
552 1948 624 2001 quae
644 1933 773 1986 secuntur
791 1933 885 1987 uerbis
904 1932 1006 1987 librum
1031 1933 1150 1988 alterum
1174 1933 1313 2004 epitomes
1337 1933 1378 1987 in·

207 2001 299 2069 cipere
315 2001 455 2056 intellexit
468 2001 667 2058 Reitzenstein.
695 2003 767 2058 libro
786 2003 873 2074 igitur
889 2003 980 2073 primo
994 2022 1038 2058 res
1053 2006 1089 2059 ab
1103 2004 1263 2058 Alexandro
1278 2007 1377 2074 gestae

204 2071 270 2125 inde
294 2073 329 2125 ab
353 2073 485 2142 auspiciis
508 2074 588 2142 regni
611 2090 699 2142 usque
724 2075 760 2130 ad
781 2092 879 2129 necem
902 2074 986 2129 Darei
1011 2077 1139 2130 narratae
1165 2077 1258 2143 erant,
1287 2077 1378 2131 altero

206 2144 300 2196 autem
319 2143 391 2196 libro
411 2161 483 2210 quae
503 2144 602 2198 deinde
621 2145 697 2198 facta
717 2147 783 2198 sunt
800 2163 889 2213 usque
909 2146 945 2201 ad
963 2149 1080 2201 mortem
1100 2144 1261 2214 Alexandri,
1281 2165 1377 2214 quam-

205 2230 289 2280 quam
307 2231 364 2266 non
382 2230 550 2283 magnopere
569 2216 741 2282 repugnabo,
760 2215 783 2268 si
802 2218 863 2283 quis
883 2233 1005 2283 eaquae
1024 2217 1089 2272 inde
1108 2235 1125 2271 a
1144 2222 1206 2282 §87
1226 2218 1377 2271 traduntur

204 2282 283 2337 tertii
301 2282 367 2336 libri
387 2284 472 2338 fuisse
492 2285 675 2339 contenderit.

151 2373 204 2422 τηε
294 2369 410 2422 magnus
491 2373 539 2411 rex
558 2355 752 2428 Macedoniae]
776 2356 946 2412 secludenda
968 2375 1028 2413 esse
1052 2359 1182 2414 uidentur
1200 2360 1271 2413 haec
1290 2359 1378 2412 uerba

205 2425 324 2478 fortasse
343 2443 376 2478 ex
396 2425 574 2494 inscriptione
593 2427 658 2481 libri
677 2428 731 2480 huc
753 2427 903 2497 translata,
926 2445 962 2482 ne
987 2432 1084 2498 aptum
1106 2429 1276 2484 narrationis
1300 2446 1377 2484 exor-

205 2497 282 2549 dium
302 2495 512 2552 desideraretur.
889 2513 903 2541 ξ

151 2586 204 2636 aas
295 2568 332 2621 ad
350 2584 379 2622 se
398 2569 552 2639 redegisse]
573 2570 620 2623 ‘ad
639 2570 680 2625 se’
701 2570 756 2638 iq.
776 2571 908 2624 ‘insuam
924 2572 1115 2640 potestatem'.
1139 2588 1193 2640 ¹pro
1209 2570 1375 2640 ‘redegisse’

204 2639 325 2693 coniecit
348 2638 488 2693 Schwartz
512 2639 661 2709 ‘rediisse’‚
688 2643 736 2696 sed
759 2641 831 2695 illud
854 2659 965 2711 quoque
988 2641 1055 2695 ferri
1078 2658 1158 2711 posse
1182 2641 1302 2697 uidetur.
1341 2640 1377 2694 nd

206 2709 317 2764 ‘redire’
338 2711 373 2764 cf.
393 2711 508 2779 Herzog.
534 2713 570 2766 ad
588 2710 665 2768 Caes.
685 2711 751 2769 bell.
771 2713 821 2767 civ.
843 2719 869 2781 1,
891 2720 907 2766 4
926 2731 953 2779 ρ.
971 2719 1003 2767 19
1023 2716 1051 2767 et
1070 2714 1221 2768 Doberenz.
1245 2713 1281 2767 ad
1300 2713 1328 2765 h.
1348 2712 1376 2781 l.,

204 2781 240 2834 ad
261 2781 410 2851 ‘redigere'
431 2799 464 2835 ex
483 2801 523 2849 gr.
542 2782 614 2838 Flor.
636 2788 659 2850 1,
680 2789 705 2850 9,
724 2788 740 2837 8
762 2785 861 2838 ‘totam
882 2783 994 2838 ltaliam
1013 2785 1064 2838 sub
1084 2801 1112 2839 se
1131 2783 1321 2852 redegerunt'.

295 2853 395 2920 ‘neque
414 2853 454 2906 id'
476 2856 595 2922 atquae
615 2854 756 2926 secuntur]
781 2856 851 2909 hacc
873 2855 924 2910 etsi
948 2856 978 2908 in
1002 2855 1097 2910 codice
1120 2853 1222 2908 misere
1245 2856 1377 2908 truncata

204 2926 234 2976 et
252 2922 425 2991 grauissimis
442 2924 551 2978 mendis
565 2924 680 2992 foedata
694 2933 767 2994 sunt,
788 2943 840 2994 ego
855 2928 950 2980 tamen
964 2926 1007 2979 his
1022 2926 1115 2980 uerbis
1131 2925 1250 2979 eundem
1264 2941 1377 2979 sensum

205 2994 318 3048 subesse
337 3012 387 3062 pro
408 2998 482 3048 certo
498 2996 587 3049 babeo
602 3013 634 3050 ac
648 2995 742 3050 uerbis
762 2995 908 3052 Diodoreis
925 3003 966 3064 17,
978 3003 1047 3063 77,4
1061 2997 1129 3062 μετὰ
1144 2997 1175 3050 δὲ
1191 3001 1280 3050 ταῦτα
1296 2997 1377 3050 δόξα(

204 3068 258 3131 ἤδη
279 3068 475 3132 κεκρατηκέναι
493 3070 544 3132 τῆτ
562 3068 689 3134 ἐπιβολῆς
708 3071 752 3121 καί
774 3071 828 3134 τήν
852 3068 985 3134 βααλειάν
1008 3067 1140 3132 ἀδήριτον
1166 3069 1246 3134 ἔχειν,
1272 3069 1377 3134 ἤρξατο

204 3139 306 3202 Ζηλοῠν
324 3139 377 3202 την
396 3138 532 3202 Περτικην
550 3141 662 3205 τρυφὴν
681 3141 725 3191 καί
743 3141 796 3205 τὴν
814 3139 994 3192 πολυτέλειαν
1011 3143 1070 3190 τῶν
1089 3138 1221 3192 Ἀειανῶν
1237 3139 1375 3202 βουλέων.

204 3207 300 3274 itaque
319 3207 388 3259 mihi
406 3223 570 3274 persuasum
585 3210 627 3262 est
641 3208 698 3262 illis
712 3209 804 3262 uerbis
823 3207 975 3274 significari
989 3206 1178 3261 Alexandrum
1196 3207 1287 3262 Dareo
1302 3225 1376 3262 mor-

203 3279 253 3332 tuo
271 3294 328 3332 non
348 3277 491 3332 dubitasse
510 3294 611 3332 nomen
631 3282 659 3333 et
677 3280 739 3333 iura
757 3281 830 3348 regis
848 3279 996 3332 Persarum
1014 3294 1155 3347 usurpare.
1189 3277 1286 3346 itaque
1305 3279 1375 3333 haec

203 3349 262 3402 fere
287 3347 442 3419 supplenda
465 3351 542 3402 sunt:
571 3350 644 3404 ‘cum
663 3351 719 3405 iam
739 3353 822 3405 antea
840 3363 935 3418 regem
954 3348 1101 3403 Persarum
1120 3367 1149 3404 se
1169 3347 1308 3418 appellari
1326 3367 1377 3404 uo-

204 3418 304 3474 luisset
320 3436 410 3488 neque
430 3419 470 3473 id'
491 3421 543 3475 etc.
582 3421 621 3474 eis
640 3423 747 3489 autem,
771 3436 841 3489 quae
861 3421 1005 3488 secuntur,
1029 3419 1116 3474 fusius
1140 3423 1283 3487 narratur,
1308 3418 1377 3488 quid

203 3489 360 3544 Alexander
378 3492 470 3546 facere
494 3490 522 3544 in
546 3492 640 3545 animo
664 3491 801 3560 habuerit,
824 3494 856 3545 ut
879 3508 909 3545 se
932 3507 1026 3561 regem
1050 3490 1208 3560 legitimum
1228 3491 1376 3545 Persarum

205 3577 299 3614 essea
340 3567 425 3617 areat.

151 3649 202 3698 aas
293 3581 445 3687 iiisxandri
464 3633 573 3688 animus
592 3648 647 3700 quo
666 3631 749 3686 modo
771 3649 803 3687 eo
825 3633 952 3701 tempore
976 3634 1163 3689 commutatus
1188 3633 1236 3699 sit,
1260 3633 1377 3687 narrant

203 3701 290 3826 iiiam
315 3703 390 3759 Cart.
411 3711 435 3771 6,
455 3709 480 3773 6,
501 3711 586 3772 lsqq.
615 3703 696 3759 Diod.
717 3707 758 3771 17,
779 3710 820 3772 77,
840 3708 932 3772 4sqq.
959 3703 1056 3760 lustin.
1078 3709 1123 3770 17,
1139 3708 1163 3771 3,
1180 3710 1268 3771 lsqq.
1301 3703 1375 3758 Plut.

241 3780 398 3842 sx.115,1s
441 3818 446 3829 .

151 3864 203 3913 aar
294 3846 372 3899 Darii
390 3793 506 3901 fiderem
525 3845 687 3916 Oxyatrem]
712 3843 786 3899 Durt.
808 3852 831 3912 7,
852 3851 876 3913 b,
895 3850 930 3898 40
956 3845 1124 3911 Ὃκαδδτοα,
1147 3845 1263 3899 fratrem
1283 3843 1375 3911 Darei,

204 3931 287 3983 quem
307 3915 381 3969 inter
400 3918 521 3986 eorporis
541 3916 672 3972 custodes
691 3915 835 3971 habebat’.
872 3915 909 3970 id.
930 3921 1052 3984 6,a,11
1079 3915 1204 3969 ‘fratrem
1223 3914 1308 3968 Darei
1331 3931 1373 3969 re·

204 3987 280 4056 cepit
302 3986 330 4039 in
355 3989 498 4041 cohortem
521 3989 673 4041 amicorum
698 3987 774 4040 omni
797 3988 926 4042 uetustae
949 3986 1087 4040 claritatis
1111 3986 1216 4041 honore
1241 3987 1375 4040 seruato'.

204 4057 285 4112 Diod.
306 4063 347 4125 17,
368 4064 409 4125 77,
429 4064 446 4110 4
470 4061 514 4112 καί
533 4064 646 4124 πρῶτον
666 4059 715 4124 μὲν
733 4061 795 4126 περὶ
813 4061 866 4126 τὴν
886 4060 973 4130 oblite
993 4059 1048 4124 εἶχε
1066 4059 1239 4125 ῥαβδούχους
1259 4058 1375 4122 ’Amore-

204 4135 271 4196 νεϊε,
296 4130 390 4183 ἔπειτα
408 4132 475 4183 τοὺ(
493 4130 730 4196 ἐπιφανεετάτουτ
747 4135 805 4183 τῶν
827 4131 938 4197 ἀνδρῶν
961 4131 1129 4196 δορυφορεῖν
1153 4130 1256 4196 ἔταξεν,
1280 4129 1310 4182 ἐν
1333 4129 1376 4183 otc

204 4203 305 4267 ἦνκαὶ
330 4201 345 4252 ὁ
364 4200 485 4268 Δαρείου
510 4201 632 4268 ἀδελφὸς
655 4201 796 4268 Ὀξάθρης.
833 4199 906 4254 Plut.
926 4199 1004 4255 Alex.
1024 4207 1067 4267 43,
1086 4205 1102 4252 3
1125 4200 1176 4254 τὸν
1199 4201 1228 4252 δ’
1252 4200 1375 4266 ἀδελφὸν

205 4272 336 4339 Ἐξάθρην
359 4271 398 4324 etc
419 4274 487 4326 robe
510 4271 637 4339 ἑταίρου(
660 4273 798 4337 ἀνέλαβεν.
836 4274 960 4326 ceterum
983 4271 1096 4325 Graecis
1121 4269 1201 4324 audit
1225 4271 1376 4337 Ὀξυάθρηε

205 4344 374 4410 Ὀξυάρθρηε
393 4344 544 4411 Ὀξυάρτης
563 4344 704 4409 Ὀξάθρης.
742 4342 778 4396 ad
794 4342 929 4398 ‘inst'tuit
943 4384 949 4397 .
961 4384 984 4398 ..
999 4341 1134 4397 instituit'
1152 4340 1187 4396 cf.
1203 4358 1244 4396 ex.
1258 4359 1300 4410 gr.
1314 4347 1329 4407 5
1341 4345 1375 4396 10

205 4415 235 4467 et
253 4417 316 4480 §84
336 4413 429 4468 ‘iussit
509 4413 610 4468 iussit’.
