3014 4922
182 213 246 276 140
674 215 705 269 0.
720 214 855 284 Wagner:

181 371 364 444 1011011899)
389 392 416 444 p.
433 378 483 428 184
494 391 534 443 sq.
557 373 678 427 inueniri
701 373 798 428 docuit
820 390 864 428 me
883 373 1081 428 Reitzenstein.
1125 389 1197 442 quae
1223 391 1269 428 res
1288 374 1358 428 mihi

180 447 241 498 tum
260 445 372 500 demum
395 445 531 514 innotuit,
556 462 618 499 01110
642 444 698 498 iam
721 444 849 499 libellum
873 462 966 499 meum
993 459 1103 499 summo
1122 444 1357 515 philosophorum

181 517 341 572 academiae
352 515 520 571 Wilhelmae
535 513 747 584 Argentinensis
763 516 854 570 ordini
868 516 1043 584 probandum
1059 532 1270 586 proposueram.
1296 519 1356 570 tum

181 588 293 642 demum
313 586 400 656 igitur
417 585 538 640 Pridilrii
557 587 780 641 dissertationem
799 586 916 656 inspexi,
937 588 985 655 qui
1004 604 1033 641 se
1048 588 1121 642 hanc
1141 585 1279 657 epitomes
1293 603 1355 656 par·

181 659 292 712 temer
319 658 553 712 commentatione
573 655 759 712 Maximiliani
777 657 874 712 Adleri
899 658 944 711 ‘de
964 657 1117 712 Alexandri
1135 659 1232 727 Magni
1253 658 1326 726 epist
1346 688 1355 698 ·

181 728 270 784 larum
294 727 472 784 commercio'
498 727 621 798 (Lipsiae
646 732 726 798 1891)
749 747 776 798 p.
795 734 829 783 99
840 745 899 797 sqq.
925 729 1130 798 deprompsisse
1157 729 1236 782 dicit.
1284 728 1355 782 hanc

181 816 290 868 quoque
309 802 370 854 tum
385 798 498 854 demum
513 797 617 854 euolui.
655 798 769 854 afferam
788 799 816 854 in
832 798 1061 854 adnotationibus
1079 799 1149 854 meis
1168 817 1241 868 quae
1261 816 1357 855 secun·

179 873 226 924 tur
239 869 411 926 Volkmanni
431 871 639 926 emendationes
659 873 695 926 ab
708 871 812 925 Adlero
828 873 1068 940 commemoratas,
1088 872 1141 925 etsi
1159 870 1210 924 ille
1230 871 1273 924 uir
1293 871 1356 925 doc-

181 941 305 998 tissimus
323 939 351 996 in
376 942 488 996 easdem
511 941 570 996 fere
593 941 706 1009 incidit,
733 958 795 995 cum
814 958 848 995 ea
866 958 896 995 re
915 940 990 996 haud
1009 959 1126 1011 paruam
1145 941 1357 1010 probabilitatis

182 1011 303 1082 speciem
322 1013 357 1067 iis
373 1012 549 1081 coniecturis,
568 1013 669 1081 quibus
683 1013 747 1067 loca
761 1013 892 1082 corrupta
907 1029 1006 1068 sanare
1021 1013 1125 1080 studui,
1144 1012 1305 1083 praebitum
1322 1013 1357 1067 im'

181 1100 297 1154 sperem.

269 1180 325 1218 non
345 1164 441 1218 multis
459 1167 524 1234 post
543 1164 640 1219 diebus
658 1181 681 1221 e.
701 1183 727 1232 q.
747 1167 781 1234 0.]
808 1163 845 1216 ad
863 1180 922 1216 rem
943 1163 977 1218 ci.
997 1162 1072 1216 Curt.
1088 1168 1112 1228 8,
1134 1167 1211 1232 13,1
1233 1163 1357 1232 ‘postero

182 1235 226 1290 die
246 1233 334 1304 legati
347 1234 482 1289 Abisarae
497 1236 592 1290 adiere
609 1236 716 1306 regem'
738 1237 790 1289 etc.
826 1235 888 1288 Art.
904 1238 928 1302 5,
943 1240 968 1302 8,
984 1241 999 1288 3
1019 1234 1088 1299 ἧκον
1104 1236 1135 1289 δὲ
1154 1236 1276 1289 ἐνταῦθα
1292 1236 1357 1301 παρ’

181 1307 267 1361 αὐτὸν
286 1309 330 1360 καί
348 1307 424 1373 παρὰ
443 1308 586 1374 Ἀβκάρου
608 1308 731 1375 πρέεβει(
750 1346 756 1360 .
772 1345 779 1360 .
794 1347 822 1360 ..
843 1307 860 1358 ὅ
883 1322 913 1359 τε
939 1307 1060 1372 ἀδελφὸς
1077 1311 1129 1359 τοῦ
1151 1306 1292 1373 Ἀβιεάρου
1313 1309 1357 1360 καί
1437 1311 1443 1326 ’
1497 1281 1498 1308 A

181 1380 257 1432 ἄλλοι
276 1380 325 1432 ξὺν
344 1379 421 1447 αὐτῷ
443 1377 469 1431 οἱ
488 1380 681 1444 δοκιμώτατοι.
719 1377 897 1445 1110001017,
917 1380 994 1440 899
1020 1374 1100 1430 audit
1120 1377 1284 1444 Ἐμβίεαροε.
1323 1377 1356 1432 cf.

182 1451 327 1516 praeterea
351 1465 422 1516 quae
447 1447 582 1502 adnotari
605 1448 641 1502 ad
665 1451 728 1513 §53
754 1450 782 1501 et
804 1448 838 1500 de
862 1447 984 1502 nominis
1008 1446 1086 1500 illius
1113 1448 1194 1502 uaria
1218 1449 1358 1517 scriptura

180 1517 301 1572 Ellendt.
326 1518 362 1571 ad
380 1518 442 1573 Arr.
461 1523 490 1584 5,
510 1525 539 1586 8,
559 1524 576 1572 4
599 1520 653 1573 uol.
669 1519 695 1572 II
718 1537 744 1588 p.
762 1522 812 1574 158
823 1537 864 1587 sq.
895 1517 1064 1572 Schmieder.
1091 1517 1127 1570 ad
1151 1518 1212 1574 Arr.
1232 1525 1257 1585 4,
1277 1525 1321 1587 97,
1342 1523 1356 1572 7

180 1592 218 1659 (p.
235 1592 285 1644 197
305 1587 418 1658 Krueg).
447 1590 555 1659 Zumpt.
576 1591 612 1644 ad
632 1587 706 1644 Cart.
726 1595 750 1657 8,
771 1594 813 1656 19,
833 1595 866 1642 13
885 1607 912 1658 p.
929 1596 989 1642 414.
1027 1591 1151 1644 ceterum
1170 1605 1205 1642 aa
1223 1591 1311 1644 uerba
1329 1593 1358 1643 et

181 1677 253 1728 quae
277 1662 407 1714 secuntur
429 1659 505 1729 apud
528 1660 662 1714 Adlatum
686 1661 724 1714 sic
750 1659 941 1714 inueniuntur:
974 1659 1064 1713 ‘misit
1085 1660 1217 1714 Abisares
1241 1661 1357 1715 fratrem
1388 1677 1395 1690 ·

180 1733 314 1801 legatum,
335 1747 455 1800 quocum
470 1732 606 1787 Nicoclen
625 1736 672 1801 (sc.
687 1730 857 1798 Alexander)
877 1733 905 1784 et
921 1730 1041 1784 alterum
1055 1729 1092 1783 ad
1106 1730 1208 1786 Porum
1223 1729 1356 1786 Cleocha-

180 1820 234 1886 100
248 1801 503 1927 1ιο8010οᾑ101010113
542 1819 613 1872 quae
632 1821 666 1858 ea
690 1803 777 1859 uerba
800 1800 1051 1870 excipiunturque
1076 1801 1111 1854 ad
1130 1807 1194 1867 §86
1213 1806 1289 1857 recte
1310 1802 1357 1856 de·

182 1890 287 1943 00000
306 1891 377 1928 sun.

128 1964 200 2016 100,οῥ
271 1953 419 2026 Nicoclen]
439 1953 524 2008 Adler
544 1955 663 2008 fortasse
683 1955 803 2008 eundem
821 1970 880 2008 esse
899 1957 983 2023 atque
1002 1952 1187 2007 trierarchum
1202 1951 1357 2007 Alexandri

182 2026 257 2094 apud
271 2024 332 2080 Arr.
347 2026 406 2082 lnd.
422 2030 464 2094 18,
479 2031 496 2079 8
516 2025 677 2095 [Νικοκλέης
689 2027 884 2094 Παεικράτεοε,
899 2025 1004 2092 colice]
1024 2025 1182 2093 suspicatus
1201 2025 1253 2093 est,
1273 2041 1357 2091 quam

182 2095 343 2165 opinionem
361 2096 495 2166 probauit
512 2095 617 2150 Pridik.
651 2097 685 2150 cf.
700 2100 847 2166 praeterea
860 2096 921 2150 Arr.
937 2099 962 2162 5,
977 2101 1020 2165 99,
1034 2100 1059 2148 4.

272 2174 455 2246 Cleocharen]
480 2177 698 2243 0011.8,13,9
724 2174 813 2229 ‘misit
835 2176 872 2229 ad
896 2194 958 2231 eum
983 2175 1154 2232 Cleocharen
1179 2176 1226 2243 qui
1251 2175 1356 2230 denun-

181 2245 267 2300 tiaret
285 2245 319 2370 eti,
338 2247 379 2326 111Ι
385 2245 559 2344 ’stipendium
577 2246 713 2315 penderet
731 2247 761 2300 et
783 2246 811 2299 in
835 2245 926 2314 primo
950 2261 1062 2300 suorum
1086 2246 1183 2300 finium
1207 2246 1287 2301 aditu
1310 2263 1355 2301 oc-

182 2332 290 2372 currere
320 2334 402 2384 regi.

129 2409 190 2460 1001
271 2395 417 2452 Abissares
443 2396 569 2465 legatum
592 2396 734 2450 remittere
757 2394 860 2467 noluit]
889 2414 959 2464 quae
984 2397 1019 2452 de
1043 2395 1160 2452 Abisare
1190 2396 1266 2466 apud
1290 2397 1357 2452 Cur-

183 2471 252 2522 tium
270 2467 419 2523 Arrianum
439 2466 595 2523 Diodorum
613 2468 761 2522 traduntur
780 2465 930 2522 admodum
950 2469 1069 2523 obscura
1088 2470 1165 2536 sunt,
1188 2471 1223 2523 cf.
1244 2467 1355 2522 Leaium

182 2544 326 2609 p.108sq.
365 2539 448 2595 facile
472 2540 568 2594 autem
593 2541 623 2594 et
644 2556 679 2594 ex
702 2537 737 2593 iis
764 2541 793 2593 et
817 2554 852 2592 ex
877 2540 992 2594 auctore
1017 2539 1154 2609 epitomes
1179 2537 1357 2609 intellegitur

181 2611 317 2666 Abisaren
337 2613 499 2682 ambiguum
517 2613 547 2667 et
564 2611 696 2666 hostilem
713 2627 743 2665 se
756 2609 928 2681 praebuisse.
963 2610 997 2665 cf.
1013 2610 1088 2665 Curt.
1105 2615 1227 2680 8,14,1.
1249 2616 1274 2677 9,
1291 2616 1315 2679 1,
1332 2615 1356 2665 ’1.

181 2683 800 2753 000100000000

129 2776 192 2827 roas
271 2762 471 2819 Ρο1000111001
493 2806 498 2818 .
514 2805 520 2817 .
537 2805 542 2816 .
563 2761 703 2832 exemplo]
722 2762 793 2816 haec
807 2763 893 2816 uerba
907 2759 982 2829 apud
996 2761 1129 2816 Adlerum
1145 2761 1185 2815 sic
1200 2761 1356 2830 epitomata

183 2839 259 2890 sunt:
282 2834 379 2890 ‘Porus
393 2833 564 2890 Cleocharen
582 2833 717 2888 interficit
732 2833 762 2887 et
775 2833 811 2886 ad
824 2832 1014 2886 Alexandrum
1028 2831 1101 2886 hanc
1116 2832 1167 2885 dat
1182 2832 1355 2900 epistulam’.

270 2914 320 2969 ubi
339 2915 460 2986 audiuit]
480 2932 517 2970 sc.
538 2915 671 2983 legatum.

227 3003 234 3016 ’
271 2994 454 3066 Cleocharen]
480 2994 554 3049 male
578 2995 731 3050 mulcatum
755 2995 840 3062 atque
862 2993 1001 3049 uiolatum
1023 3011 1081 3048 esse
1101 2993 1186 3048 ceteri
1205 2991 1356 3063 scriptores

181 3083 238 3120 non
257 3066 484 3120 commemorant.

130 3158 192 3210 mue
271 3145 324 3199 hoc
348 3144 489 3215 exemplo]
516 3144 549 3198 cf.
575 3144 611 3196 ad
634 3150 649 3209 ξ
670 3149 711 3198 71.
749 3147 872 3199 ceterum
895 3145 965 3199 haec
989 3161 1060 3213 quae
1084 3143 1211 3213 sequitur
1234 3144 1358 3213 epistula

182 3217 248 3270 Pori
271 3214 356 3271 etiarn
380 3217 453 3284 apud
480 3214 534 3268 scri
553 3215 629 3268 tores
653 3214 789 3268 historiae
812 3215 956 3271 fabulosae
980 3214 1133 3269 Alexandri
1157 3214 1291 3283 occurrit,
1319 3217 1355 3270 cl.

183 3288 311 3343 Ps.-Call.
330 3286 368 3340 Ill
388 3292 403 3339 9
423 3304 450 3356 p.
466 3290 499 3340 95
548 3284 627 3350 11011,
650 3285 681 3339 10
700 3285 824 3340 eiusdem
851 3287 945 3342 codice
964 3285 1094 3341 Leidensi
1117 3304 1144 3355 p.
1161 3292 1212 3341 770
1230 3286 1357 3352 Meusel,

182 3361 257 3428 apud
271 3357 394 3414 Iul.Val.
409 3357 478 3412 1113
493 3377 519 3427 p.
536 3362 596 3423 113,
612 3362 697 3425 tsqq.
717 3356 815 3411 Kuebl.
836 3358 922 3428 [quae
936 3374 980 3412 res
994 3357 1129 3410 Adlerum
1144 3375 1172 3426 p.
1183 3363 1217 3412 38
1232 3356 1356 3426 101011111,

183 3430 212 3484 10
238 3430 366 3485 00101000
385 3429 552 3484 Armeniaca
575 3427 888 3483 Pseudo-Callisthenis
912 3448 939 3499 p.
960 3434 1007 3496 14,
1033 3428 1063 3483 10
1088 3428 1216 3482 uersione
1242 3428 1358 3496 Syriaca

182 3521 209 3570 p.
225 3506 286 3570 354,
306 3501 427 3572 denique
447 3502 522 3572 apud
536 3500 657 3554 Leonem
672 3499 905 3569 Archipresbyter
925 3501 973 3568 qui
987 3500 1105 3554 uocatur
1122 3517 1149 3568 p.
1166 3503 1225 3553 103.
1254 3499 1357 3567 quibus

183 3591 216 3626 ex
234 3573 304 3627 locis
321 3590 428 3643 paruus
446 3575 556 3628 tantum
576 3572 682 3625 fructus
700 3569 808 3640 percipi
826 3570 927 3640 potest.

130 3663 176 3715 100,
184 3664 209 3703 ro
271 3653 313 3724 te]
328 3654 404 3708 idem
419 3652 540 3708 coniecit
550 3651 710 3708 Volkmann
724 3650 943 3721 apudAdlerum
959 3669 984 3720 p.
995 3656 1029 3705 38
1045 3649 1240 3705 etPridilrinm
1255 3667 1282 3718 p.
1295 3655 1356 3703 164.

184 3741 279 3778 sensus
298 3727 392 3779 autem
410 3726 507 3778 horum
528 3723 675 3778 uerborum
696 3722 806 3778 uidetur
825 3723 871 3776 hic
895 3739 968 3777 essa:
995 3739 1051 3792 quo
1074 3720 1137 3777 loco
1160 3720 1293 3776 amundus
1318 3720 1357 3774 sis

183 3813 238 3848 non
257 3794 331 3862 noui,
350 3797 399 3850 sed
417 3796 503 3850 faudo
522 3797 632 3851 tantum
651 3792 749 3848 audiui
766 3796 795 3849 te
810 3794 992 3849 Macedonem
1011 3810 1079 3849 esse.
1117 3795 1242 3847 ceterum
1263 3791 1351 3846 ‘nam'

183 3867 369 3934 ἐλλειπτικῶε,
394 3884 449 3936 quo
468 3866 503 3920 de
522 3883 573 3919 usu
593 3865 627 3919 cf.
647 3881 681 3919 ex
699 3883 740 3934 gr.
764 3865 824 3918 Liv.
844 3872 886 3933 91,
907 3871 949 3932 19,
968 3871 993 3920 9.
1013 3870 1056 3932 99,
1078 3868 1120 3931 59,
1142 3869 1181 3918 19.
1207 3863 1273 3917 Sall.
1296 3862 1357 3916 Cat.

184 3936 588 4007 mmmmcma

131 4029 210 4080 105,11
274 4017 347 4088 esse]
368 4016 523 4072 omiserunt
540 4017 625 4072 Adler
644 4020 673 4071 et
690 4015 796 4070 Pridilr.

271 4097 368 4167 procul
384 4097 482 4152 abesse
497 4097 584 4152 satius
602 4098 656 4169 est]
677 4097 710 4151 cf.
726 4096 854 4152 Ps.-Call.
869 4097 887 4152 l.
902 4096 936 4152 l..·
953 4096 1112 4164 aporrdrcui
1131 4113 1171 4150 coi
1190 4095 1354 4160 ἀναχωρεῖν.

184 4170 248 4224 1110.
268 4168 347 4224 Alex.
366 4188 393 4239 p.
409 4175 450 4238 91,
467 4175 483 4222 9
505 4169 591 4224 ‘absit
609 4169 779 4224 obnuntiat'.

272 4252 341 4307 alias
360 4248 486 4304 miserias
505 4250 643 4320 spectare]
669 4250 773 4303 frustra
795 4248 900 4315 studui,
924 4249 956 4301 ut
978 4249 1048 4302 haec
1070 4247 1158 4302 uerba
1182 4244 1354 4299 difficillima

155 4345 160 4366 i
184 4321 369 4394 probabiliter
387 4321 563 4392 explicarem.
600 4318 655 4372 fuit
673 4338 736 4374 cum
759 4319 811 4372 illa
834 4320 876 4372 ita
899 4317 1089 4388 intellegenda
1112 4333 1173 4372 esse
1197 4332 1353 4371 censerem:

184 4395 304 4468 ,melius
323 4398 404 4464 esset,
424 4391 457 4462 si,
476 4407 582 4446 memor
599 4391 728 4444 fortunae
748 4392 880 4444 aduersae
895 4407 999 4458 eorum,
1019 4390 1146 4458 quiante
1161 4391 1189 4442 10
1204 4387 1278 4441 lndia
1292 4387 1353 4442 bel-
