<?xml version="1.0" encoding="UTF-8"?>
<!DOCTYPE html PUBLIC "-//W3C//DTD XHTML 1.0 Transitional//EN"
    "http://www.w3.org/TR/xhtml1/DTD/xhtml1-transitional.dtd">
<html xmlns="http://www.w3.org/1999/xhtml" xml:lang="en" lang="en">
 <head>
  <title>
</title>
<meta http-equiv="Content-Type" content="text/html;charset=utf-8" />
  <meta name='ocr-system' content='tesseract 3.04.00' />
  <meta name='ocr-capabilities' content='ocr_page ocr_carea ocr_par ocr_line ocrx_word'/>
</head>
<body>
  <div class='ocr_page' id='page_1' title='image "./incertiauctoris00wagngoog_0062.png"; bbox 0 0 3014 4922; ppageno 0'>
   <div class='ocr_carea' id='block_1_1' title="bbox 211 245 1305 319">
    <p class='ocr_par' dir='ltr' id='par_1_1' title="bbox 211 245 1305 319">
     <span class='ocr_line' id='line_1_1' title="bbox 211 245 1305 319; baseline -0.002 -16"><span class='ocrx_word' id='word_1_1' title='bbox 211 246 359 304; x_wconf 72' lang='lat' dir='ltr'><strong>Alexandri</strong></span> <span class='ocrx_word' id='word_1_2' title='bbox 373 247 470 319; x_wconf 81' lang='lat' dir='ltr'><strong>Magni</strong></span> <span class='ocrx_word' id='word_1_3' title='bbox 484 245 646 303; x_wconf 84' lang='lat' dir='ltr'><strong>Macedonis</strong></span> <span class='ocrx_word' id='word_1_4' title='bbox 661 246 802 317; x_wconf 88' lang='lat' dir='ltr'><strong>epitomae</strong></span> <span class='ocrx_word' id='word_1_5' title='bbox 816 265 909 303; x_wconf 84' lang='lat' dir='ltr'><strong>rerum</strong></span> <span class='ocrx_word' id='word_1_6' title='bbox 923 251 1064 318; x_wconf 80' lang='lat' dir='ltr'><strong>gestarum</strong></span> <span class='ocrx_word' id='word_1_7' title='bbox 1079 245 1151 302; x_wconf 86' lang='lat' dir='ltr'><strong>liber</strong></span> <span class='ocrx_word' id='word_1_8' title='bbox 1164 247 1197 302; x_wconf 89' lang='lat' dir='ltr'><strong>ll.</strong></span> <span class='ocrx_word' id='word_1_9' title='bbox 1241 246 1305 311; x_wconf 81' lang='grc'><strong>145</strong></span> 
     </span>
    </p>
   </div>
   <div class='ocr_carea' id='block_1_2' title="bbox 136 406 1359 764">
    <p class='ocr_par' dir='ltr' id='par_1_2' title="bbox 136 406 1359 764">
     <span class='ocr_line' id='line_1_2' title="bbox 227 406 1303 480; baseline -0.001 -18"><span class='ocrx_word' id='word_1_10' title='bbox 227 408 289 462; x_wconf 89' lang='lat' dir='ltr'><strong>dum</strong></span> <span class='ocrx_word' id='word_1_11' title='bbox 308 408 402 464; x_wconf 82' lang='lat' dir='ltr'><strong>anima</strong></span> <span class='ocrx_word' id='word_1_12' title='bbox 421 410 450 464; x_wconf 90' lang='lat' dir='ltr'><strong>et</strong></span> <span class='ocrx_word' id='word_1_13' title='bbox 468 407 581 478; x_wconf 80' lang='lat' dir='ltr'><strong>sanguis</strong></span> <span class='ocrx_word' id='word_1_14' title='bbox 599 408 653 478; x_wconf 85' lang='lat' dir='ltr'><strong>ipsi</strong></span> <span class='ocrx_word' id='word_1_15' title='bbox 671 408 761 462; x_wconf 91' lang='lat' dir='ltr'><strong>omnis</strong></span> <span class='ocrx_word' id='word_1_16' title='bbox 784 407 903 480; x_wconf 83' lang='lat' dir='ltr'><strong>effluxit]</strong></span> <span class='ocrx_word' id='word_1_17' title='bbox 931 409 965 463; x_wconf 84' lang='grc' dir='ltr'>οί.</span> <span class='ocrx_word' id='word_1_18' title='bbox 990 407 1113 464; x_wconf 85' lang='lat' dir='ltr'><strong>Cicerou.</strong></span> <span class='ocrx_word' id='word_1_19' title='bbox 1137 409 1208 462; x_wconf 87' lang='lat' dir='ltr'><strong>tuso.</strong></span> <span class='ocrx_word' id='word_1_20' title='bbox 1232 406 1303 478; x_wconf 86' lang='lat' dir='ltr'>disp.</span> 
     </span>
     <span class='ocr_line' id='line_1_3' title="bbox 136 477 1303 550; baseline -0.002 -17"><span class='ocrx_word' id='word_1_21' title='bbox 136 485 166 546; x_wconf 87' lang='grc'><strong>9,</strong></span> <span class='ocrx_word' id='word_1_22' title='bbox 188 485 222 534; x_wconf 76' lang='grc'>69</span> <span class='ocrx_word' id='word_1_23' title='bbox 246 481 317 534; x_wconf 84' lang='lat' dir='ltr'><strong>‘cnm</strong></span> <span class='ocrx_word' id='word_1_24' title='bbox 341 497 397 536; x_wconf 89' lang='lat' dir='ltr'><strong>una</strong></span> <span class='ocrx_word' id='word_1_25' title='bbox 421 498 483 535; x_wconf 89' lang='lat' dir='ltr'><strong>cum</strong></span> <span class='ocrx_word' id='word_1_26' title='bbox 507 479 643 550; x_wconf 82' lang='lat' dir='ltr'><strong>sanguine</strong></span> <span class='ocrx_word' id='word_1_27' title='bbox 665 478 754 533; x_wconf 84' lang='lat' dir='ltr'><strong>uitam</strong></span> <span class='ocrx_word' id='word_1_28' title='bbox 773 479 886 534; x_wconf 83' lang='lat' dir='ltr'><strong>effluere</strong></span> <span class='ocrx_word' id='word_1_29' title='bbox 904 479 1041 535; x_wconf 83' lang='lat' dir='ltr'><strong>sentiret’.</strong></span> <span class='ocrx_word' id='word_1_30' title='bbox 1080 477 1186 534; x_wconf 83' lang='lat' dir='ltr'><strong>conieci</strong></span> <span class='ocrx_word' id='word_1_31' title='bbox 1204 478 1303 532; x_wconf 83' lang='lat' dir='ltr'><strong>etiam:</strong></span> 
     </span>
     <span class='ocr_line' id='line_1_4' title="bbox 138 551 1323 622; baseline 0.002 -17"><span class='ocrx_word' id='word_1_32' title='bbox 138 551 281 621; x_wconf 75' lang='lat' dir='ltr'><strong>‘exsangui</strong></span> <span class='ocrx_word' id='word_1_33' title='bbox 299 551 364 622; x_wconf 89' lang='lat' dir='ltr'><strong>ipsi&#39;</strong></span> <span class='ocrx_word' id='word_1_34' title='bbox 384 553 447 607; x_wconf 91' lang='lat' dir='ltr'><strong>coll.</strong></span> <span class='ocrx_word' id='word_1_35' title='bbox 467 551 548 606; x_wconf 88' lang='lat' dir='ltr'>Diod.</span> <span class='ocrx_word' id='word_1_36' title='bbox 568 551 586 605; x_wconf 95' lang='lat' dir='ltr'><strong>l.</strong></span> <span class='ocrx_word' id='word_1_37' title='bbox 604 569 626 608; x_wconf 90' lang='grc' dir='ltr'><strong>ο.</strong></span> <span class='ocrx_word' id='word_1_38' title='bbox 646 553 795 617; x_wconf 89' lang='grc' dir='ltr'>γενόμενος</span> <span class='ocrx_word' id='word_1_39' title='bbox 813 554 928 618; x_wconf 79' lang='grc' dir='ltr'>ἔξαιμος.</span> <span class='ocrx_word' id='word_1_40' title='bbox 1319 588 1323 598; x_wconf 57' lang='lat'><em>1</em></span> 
     </span>
     <span class='ocr_line' id='line_1_5' title="bbox 224 620 1359 695; baseline -0.004 -20"><span class='ocrx_word' id='word_1_41' title='bbox 224 622 320 677; x_wconf 88' lang='lat' dir='ltr'><strong>horum</strong></span> <span class='ocrx_word' id='word_1_42' title='bbox 338 621 474 677; x_wconf 85' lang='lat' dir='ltr'><strong>uirtutum</strong></span> <span class='ocrx_word' id='word_1_43' title='bbox 493 625 618 695; x_wconf 86' lang='lat' dir='ltr'><strong>causam]</strong></span> <span class='ocrx_word' id='word_1_44' title='bbox 639 641 673 678; x_wconf 83' lang='lat' dir='ltr'><strong>ee</strong></span> <span class='ocrx_word' id='word_1_45' title='bbox 691 639 763 690; x_wconf 91' lang='lat' dir='ltr'><strong>quae</strong></span> <span class='ocrx_word' id='word_1_46' title='bbox 783 625 915 679; x_wconf 88' lang='lat' dir='ltr'><strong>secuntur</strong></span> <span class='ocrx_word' id='word_1_47' title='bbox 929 621 1040 677; x_wconf 83' lang='lat' dir='ltr'><strong>Curtius</strong></span> <span class='ocrx_word' id='word_1_48' title='bbox 1055 638 1110 676; x_wconf 90' lang='lat' dir='ltr'><strong>non</strong></span> <span class='ocrx_word' id='word_1_49' title='bbox 1125 620 1248 690; x_wconf 85' lang='lat' dir='ltr'><strong>praebet,</strong></span> <span class='ocrx_word' id='word_1_50' title='bbox 1279 632 1359 683; x_wconf 68' lang='lat' dir='ltr'><strong>meae</strong></span> 
     </span>
     <span class='ocr_line' id='line_1_6' title="bbox 137 691 1304 764; baseline -0.002 -17"><span class='ocrx_word' id='word_1_51' title='bbox 137 691 271 748; x_wconf 84' lang='lat' dir='ltr'><strong>Diodorus</strong></span> <span class='ocrx_word' id='word_1_52' title='bbox 289 695 387 763; x_wconf 85' lang='lat' dir='ltr'><strong>paucis</strong></span> <span class='ocrx_word' id='word_1_53' title='bbox 402 693 527 750; x_wconf 83' lang='lat' dir='ltr'><strong>absoluit</strong></span> <span class='ocrx_word' id='word_1_54' title='bbox 544 697 599 764; x_wconf 86' lang='grc'>(17,</span> <span class='ocrx_word' id='word_1_55' title='bbox 614 701 657 764; x_wconf 85' lang='grc'><strong>99,</strong></span> <span class='ocrx_word' id='word_1_56' title='bbox 675 700 688 747; x_wconf 94' lang='grc'>1</span> <span class='ocrx_word' id='word_1_57' title='bbox 708 696 758 748; x_wconf 86' lang='grc' dir='ltr'>αύς</span> <span class='ocrx_word' id='word_1_58' title='bbox 776 696 881 763; x_wconf 86' lang='grc' dir='ltr'>ἔφαςαν</span> <span class='ocrx_word' id='word_1_59' title='bbox 899 701 960 750; x_wconf 79' lang='grc' dir='ltr'>ταῖς</span> <span class='ocrx_word' id='word_1_60' title='bbox 977 694 1096 762; x_wconf 88' lang='grc' dir='ltr'>τίγρεςιν</span> <span class='ocrx_word' id='word_1_61' title='bbox 1114 694 1304 759; x_wconf 81' lang='grc' dir='ltr'>ἐπιμεμῑχθαι).</span> 
     </span>
    </p>
   </div>
   <div class='ocr_carea' id='block_1_3' title="bbox 138 764 1359 918">
    <p class='ocr_par' dir='ltr' id='par_1_3' title="bbox 138 764 1359 918">
     <span class='ocr_line' id='line_1_7' title="bbox 138 764 907 834; baseline 0.007 -18"><span class='ocrx_word' id='word_1_62' title='bbox 138 765 217 834; x_wconf 88' lang='lat' dir='ltr'><strong>plura</strong></span> <span class='ocrx_word' id='word_1_63' title='bbox 234 769 329 820; x_wconf 84' lang='lat' dir='ltr'><strong>tamen</strong></span> <span class='ocrx_word' id='word_1_64' title='bbox 348 765 457 820; x_wconf 84' lang='lat' dir='ltr'><strong>dabunt</strong></span> <span class='ocrx_word' id='word_1_65' title='bbox 474 764 608 820; x_wconf 86' lang='lat' dir='ltr'><strong>Aelianus</strong></span> <span class='ocrx_word' id='word_1_66' title='bbox 627 766 645 822; x_wconf 94' lang='lat' dir='ltr'><strong>l.</strong></span> <span class='ocrx_word' id='word_1_67' title='bbox 665 784 688 822; x_wconf 89' lang='lat' dir='ltr'><strong>c.</strong></span> <span class='ocrx_word' id='word_1_68' title='bbox 708 769 737 820; x_wconf 86' lang='lat' dir='ltr'><strong>ct</strong></span> <span class='ocrx_word' id='word_1_69' title='bbox 754 765 825 820; x_wconf 91' lang='lat' dir='ltr'><strong>Plin.</strong></span> <span class='ocrx_word' id='word_1_70' title='bbox 844 764 863 820; x_wconf 90' lang='lat' dir='ltr'><strong>l.</strong></span> <span class='ocrx_word' id='word_1_71' title='bbox 884 783 907 821; x_wconf 89' lang='grc' dir='ltr'><strong>ο.</strong></span> 
     </span>
     <span class='ocr_line' id='line_1_8' title="bbox 224 845 1359 918; baseline -0.004 -18"><span class='ocrx_word' id='word_1_72' title='bbox 224 846 353 918; x_wconf 85' lang='lat' dir='ltr'><strong>eamque]</strong></span> <span class='ocrx_word' id='word_1_73' title='bbox 371 845 462 916; x_wconf 82' lang='lat' dir='ltr'><strong>poesis</strong></span> <span class='ocrx_word' id='word_1_74' title='bbox 482 845 568 900; x_wconf 85' lang='lat' dir='ltr'><strong>stiam</strong></span> <span class='ocrx_word' id='word_1_75' title='bbox 588 847 671 915; x_wconf 79' lang='lat' dir='ltr'><strong>‘quae</strong></span> <span class='ocrx_word' id='word_1_76' title='bbox 692 887 742 901; x_wconf 90' lang='lat'><strong>...</strong></span> <span class='ocrx_word' id='word_1_77' title='bbox 761 845 1022 901; x_wconf 79' lang='lat' dir='ltr'><strong>formidolosissima</strong></span> <span class='ocrx_word' id='word_1_78' title='bbox 1041 889 1047 901; x_wconf 93' lang='lat'><em>.</em></span> <span class='ocrx_word' id='word_1_79' title='bbox 1063 887 1091 902; x_wconf 89' lang='lat'><strong>..</strong></span> <span class='ocrx_word' id='word_1_80' title='bbox 1111 845 1205 899; x_wconf 82' lang='lat' dir='ltr'><strong>eseet&#39;.</strong></span> <span class='ocrx_word' id='word_1_81' title='bbox 1280 855 1359 906; x_wconf 74' lang='grc' dir='ltr'>ωηατ</span> 
     </span>
    </p>
   </div>
   <div class='ocr_carea' id='block_1_4' title="bbox 137 925 1359 1502">
    <p class='ocr_par' dir='ltr' id='par_1_4' title="bbox 138 925 1359 1352">
     <span class='ocr_line' id='line_1_9' title="bbox 224 925 1359 998; baseline -0.004 -20"><span class='ocrx_word' id='word_1_82' title='bbox 224 925 343 996; x_wconf 84' lang='lat' dir='ltr'><strong>sagittas</strong></span> <span class='ocrx_word' id='word_1_83' title='bbox 358 925 458 998; x_wconf 78' lang='lat' dir='ltr'>tigres]</span> <span class='ocrx_word' id='word_1_84' title='bbox 473 925 698 995; x_wconf 78' lang='lat' dir='ltr'><strong>Strab.11‚14,e</strong></span> <span class='ocrx_word' id='word_1_85' title='bbox 712 943 739 996; x_wconf 88' lang='lat' dir='ltr'><strong>p.</strong></span> <span class='ocrx_word' id='word_1_86' title='bbox 753 931 805 980; x_wconf 80' lang='grc'><strong>599</strong></span> <span class='ocrx_word' id='word_1_87' title='bbox 820 928 935 994; x_wconf 82' lang='grc' dir='ltr'>φέρεται</span> <span class='ocrx_word' id='word_1_88' title='bbox 950 929 980 980; x_wconf 89' lang='grc' dir='ltr'>δὲ</span> <span class='ocrx_word' id='word_1_89' title='bbox 995 927 1035 980; x_wconf 81' lang='grc' dir='ltr'>δι’</span> <span class='ocrx_word' id='word_1_90' title='bbox 1048 928 1136 993; x_wconf 78' lang='grc' dir='ltr'>αὐτῆς</span> <span class='ocrx_word' id='word_1_91' title='bbox 1149 929 1164 979; x_wconf 93' lang='grc' dir='ltr'>δ</span> <span class='ocrx_word' id='word_1_92' title='bbox 1178 925 1271 993; x_wconf 94' lang='grc' dir='ltr'>Τίγρις</span> <span class='ocrx_word' id='word_1_93' title='bbox 1296 936 1359 987; x_wconf 70' lang='grc' dir='ltr'><strong>ωηο</strong></span> 
     </span>
     <span class='ocr_line' id='line_1_10' title="bbox 138 997 1305 1066; baseline 0 -16"><span class='ocrx_word' id='word_1_94' title='bbox 138 1028 169 1036; x_wconf 97' lang='grc'>-</span> <span class='ocrx_word' id='word_1_95' title='bbox 188 997 303 1062; x_wconf 81' lang='grc' dir='ltr'>ύμικτον</span> <span class='ocrx_word' id='word_1_96' title='bbox 321 999 474 1066; x_wconf 81' lang='grc' dir='ltr'><strong>φυλάττων</strong></span> <span class='ocrx_word' id='word_1_97' title='bbox 492 998 525 1051; x_wconf 85' lang='grc' dir='ltr'><strong>τύ</strong></span> <span class='ocrx_word' id='word_1_98' title='bbox 549 1000 636 1064; x_wconf 75' lang='grc' dir='ltr'>ῥεῦμα</span> <span class='ocrx_word' id='word_1_99' title='bbox 659 999 704 1052; x_wconf 83' lang='grc' dir='ltr'>διὰ</span> <span class='ocrx_word' id='word_1_100' title='bbox 727 999 781 1064; x_wconf 81' lang='grc' dir='ltr'>τὴν</span> <span class='ocrx_word' id='word_1_101' title='bbox 803 999 938 1066; x_wconf 86' lang='grc' dir='ltr'>ὀξύτητα,</span> <span class='ocrx_word' id='word_1_102' title='bbox 966 997 1017 1066; x_wconf 84' lang='grc' dir='ltr'><strong>ἀφ’</strong></span> <span class='ocrx_word' id='word_1_103' title='bbox 1043 999 1075 1050; x_wconf 87' lang='grc' dir='ltr'><strong>ού</strong></span> <span class='ocrx_word' id='word_1_104' title='bbox 1102 999 1147 1050; x_wconf 91' lang='grc' dir='ltr'><strong>καί</strong></span> <span class='ocrx_word' id='word_1_105' title='bbox 1171 999 1305 1063; x_wconf 89' lang='grc' dir='ltr'>τοῦνομα,</span> 
     </span>
     <span class='ocr_line' id='line_1_11' title="bbox 139 1066 1305 1138; baseline -0.002 -16"><span class='ocrx_word' id='word_1_106' title='bbox 139 1069 244 1136; x_wconf 86' lang='grc' dir='ltr'>Μήδων</span> <span class='ocrx_word' id='word_1_107' title='bbox 261 1069 350 1137; x_wconf 90' lang='grc' dir='ltr'>τίγριν</span> <span class='ocrx_word' id='word_1_108' title='bbox 369 1071 531 1123; x_wconf 84' lang='grc' dir='ltr'>καλούντων</span> <span class='ocrx_word' id='word_1_109' title='bbox 549 1070 583 1122; x_wconf 90' lang='grc' dir='ltr'><strong>τὸ</strong></span> <span class='ocrx_word' id='word_1_110' title='bbox 601 1072 728 1135; x_wconf 85' lang='grc' dir='ltr'>τόξευμα.</span> <span class='ocrx_word' id='word_1_111' title='bbox 757 1070 845 1123; x_wconf 85' lang='lat' dir='ltr'><strong>Varro</strong></span> <span class='ocrx_word' id='word_1_112' title='bbox 865 1070 899 1124; x_wconf 86' lang='lat' dir='ltr'><strong>de</strong></span> <span class='ocrx_word' id='word_1_113' title='bbox 914 1068 982 1138; x_wconf 85' lang='lat' dir='ltr'><strong>ling.</strong></span> <span class='ocrx_word' id='word_1_114' title='bbox 999 1069 1048 1122; x_wconf 84' lang='lat' dir='ltr'><strong>lat.</strong></span> <span class='ocrx_word' id='word_1_115' title='bbox 1060 1067 1092 1133; x_wconf 89' lang='lat' dir='ltr'><strong>V,</strong></span> <span class='ocrx_word' id='word_1_116' title='bbox 1105 1073 1155 1121; x_wconf 90' lang='lat'><strong>100</strong></span> <span class='ocrx_word' id='word_1_117' title='bbox 1176 1066 1305 1138; x_wconf 83' lang='lat' dir='ltr'><strong>‘[Tigris]</strong></span> 
     </span>
     <span class='ocr_line' id='line_1_12' title="bbox 141 1137 1306 1209; baseline -0.002 -17"><span class='ocrx_word' id='word_1_118' title='bbox 141 1139 304 1194; x_wconf 88' lang='lat' dir='ltr'><strong>uocabulum</strong></span> <span class='ocrx_word' id='word_1_119' title='bbox 323 1158 338 1194; x_wconf 93' lang='lat' dir='ltr'><strong>e</strong></span> <span class='ocrx_word' id='word_1_120' title='bbox 357 1139 456 1206; x_wconf 79' lang='lat' dir='ltr'><strong>lingua</strong></span> <span class='ocrx_word' id='word_1_121' title='bbox 474 1140 616 1206; x_wconf 76' lang='lat' dir='ltr'><strong>Armenia,</strong></span> <span class='ocrx_word' id='word_1_122' title='bbox 637 1156 702 1195; x_wconf 85' lang='lat' dir='ltr'><strong>nam</strong></span> <span class='ocrx_word' id='word_1_123' title='bbox 720 1141 761 1194; x_wconf 90' lang='lat' dir='ltr'><strong>ibi</strong></span> <span class='ocrx_word' id='word_1_124' title='bbox 779 1142 809 1194; x_wconf 87' lang='lat' dir='ltr'><strong>et</strong></span> <span class='ocrx_word' id='word_1_125' title='bbox 827 1141 932 1209; x_wconf 79' lang='lat' dir='ltr'><strong>sagitta</strong></span> <span class='ocrx_word' id='word_1_126' title='bbox 950 1142 980 1193; x_wconf 91' lang='lat' dir='ltr'><strong>et</strong></span> <span class='ocrx_word' id='word_1_127' title='bbox 998 1139 1073 1207; x_wconf 89' lang='lat' dir='ltr'><strong>quod</strong></span> <span class='ocrx_word' id='word_1_128' title='bbox 1092 1137 1306 1193; x_wconf 88' lang='lat' dir='ltr'><strong>uehementissi-</strong></span> 
     </span>
     <span class='ocr_line' id='line_1_13' title="bbox 138 1207 1306 1279; baseline -0.002 -16"><span class='ocrx_word' id='word_1_129' title='bbox 138 1227 210 1264; x_wconf 89' lang='lat' dir='ltr'><strong>mum</strong></span> <span class='ocrx_word' id='word_1_130' title='bbox 229 1210 332 1266; x_wconf 89' lang='lat' dir='ltr'><strong>flumen</strong></span> <span class='ocrx_word' id='word_1_131' title='bbox 351 1210 454 1266; x_wconf 89' lang='lat' dir='ltr'><strong>dieitur</strong></span> <span class='ocrx_word' id='word_1_132' title='bbox 472 1210 585 1279; x_wconf 78' lang='lat' dir='ltr'><strong>&#39;lignis&#39;.</strong></span> <span class='ocrx_word' id='word_1_133' title='bbox 623 1212 693 1265; x_wconf 90' lang='lat' dir='ltr'><strong>Plin.</strong></span> <span class='ocrx_word' id='word_1_134' title='bbox 713 1211 822 1278; x_wconf 85' lang='lat' dir='ltr'>n.h.6,</span> <span class='ocrx_word' id='word_1_135' title='bbox 839 1217 888 1266; x_wconf 90' lang='grc'><strong>197</strong></span> <span class='ocrx_word' id='word_1_136' title='bbox 910 1210 995 1264; x_wconf 85' lang='lat' dir='ltr'><strong>‘unde</strong></span> <span class='ocrx_word' id='word_1_137' title='bbox 1015 1207 1180 1278; x_wconf 84' lang='lat' dir='ltr'><strong>concitatur,</strong></span> <span class='ocrx_word' id='word_1_138' title='bbox 1199 1227 1217 1263; x_wconf 87' lang='lat' dir='ltr'><strong>a</strong></span> <span class='ocrx_word' id='word_1_139' title='bbox 1235 1210 1306 1264; x_wconf 87' lang='lat' dir='ltr'><strong>celc-</strong></span> 
     </span>
     <span class='ocr_line' id='line_1_14' title="bbox 138 1279 1306 1352; baseline -0.001 -18"><span class='ocrx_word' id='word_1_140' title='bbox 138 1281 218 1336; x_wconf 87' lang='lat' dir='ltr'><strong>ritatc</strong></span> <span class='ocrx_word' id='word_1_141' title='bbox 233 1281 323 1351; x_wconf 76' lang='lat' dir='ltr'><strong>Tigris</strong></span> <span class='ocrx_word' id='word_1_142' title='bbox 341 1282 442 1352; x_wconf 76' lang='lat' dir='ltr'><strong>incipit</strong></span> <span class='ocrx_word' id='word_1_143' title='bbox 459 1284 564 1350; x_wconf 89' lang='lat' dir='ltr'><strong>uocari,</strong></span> <span class='ocrx_word' id='word_1_144' title='bbox 583 1283 623 1336; x_wconf 82' lang='lat' dir='ltr'><strong>ite</strong></span> <span class='ocrx_word' id='word_1_145' title='bbox 641 1282 787 1352; x_wconf 83' lang='lat' dir='ltr'><strong>appellant</strong></span> <span class='ocrx_word' id='word_1_146' title='bbox 805 1282 881 1336; x_wconf 85' lang='lat' dir='ltr'><strong>Medi</strong></span> <span class='ocrx_word' id='word_1_147' title='bbox 900 1281 1056 1350; x_wconf 83' lang='lat' dir='ltr'><strong>sagittam&#39;.</strong></span> <span class='ocrx_word' id='word_1_148' title='bbox 1088 1279 1162 1334; x_wconf 85' lang='lat' dir='ltr'><strong>Curt.</strong></span> <span class='ocrx_word' id='word_1_149' title='bbox 1182 1286 1208 1342; x_wconf 81' lang='lat'><strong>4,</strong></span> <span class='ocrx_word' id='word_1_150' title='bbox 1223 1286 1249 1349; x_wconf 84' lang='lat'><strong>9,</strong></span> <span class='ocrx_word' id='word_1_151' title='bbox 1264 1284 1306 1334; x_wconf 84' lang='grc'><strong>16.</strong></span> 
     </span>
    </p>

    <p class='ocr_par' dir='ltr' id='par_1_5' title="bbox 137 1357 1307 1502">
     <span class='ocr_line' id='line_1_15' title="bbox 224 1357 1307 1435; baseline -0.004 -19"><span class='ocrx_word' id='word_1_152' title='bbox 224 1361 322 1417; x_wconf 86' lang='lat' dir='ltr'><strong>eadem</strong></span> <span class='ocrx_word' id='word_1_153' title='bbox 341 1364 438 1435; x_wconf 84' lang='lat' dir='ltr'><strong>causa]</strong></span> <span class='ocrx_word' id='word_1_154' title='bbox 462 1389 496 1409; x_wconf 85' lang='lat'>=</span> <span class='ocrx_word' id='word_1_155' title='bbox 516 1363 550 1416; x_wconf 90' lang='lat' dir='ltr'><strong>de</strong></span> <span class='ocrx_word' id='word_1_156' title='bbox 574 1363 672 1417; x_wconf 85' lang='lat' dir='ltr'><strong>eadem</strong></span> <span class='ocrx_word' id='word_1_157' title='bbox 696 1379 785 1418; x_wconf 81' lang='lat' dir='ltr'><strong>causa.</strong></span> <span class='ocrx_word' id='word_1_158' title='bbox 824 1363 858 1416; x_wconf 83' lang='lat' dir='ltr'><strong>cf.</strong></span> <span class='ocrx_word' id='word_1_159' title='bbox 879 1359 1037 1416; x_wconf 86' lang='lat' dir='ltr'><strong>Woelfflin.</strong></span> <span class='ocrx_word' id='word_1_160' title='bbox 1065 1358 1191 1413; x_wconf 87' lang='lat' dir='ltr'><strong>‘Archiv&#39;</strong></span> <span class='ocrx_word' id='word_1_161' title='bbox 1216 1357 1272 1414; x_wconf 88' lang='lat' dir='ltr'><strong>uol.</strong></span> <span class='ocrx_word' id='word_1_162' title='bbox 1294 1359 1307 1412; x_wconf 89' lang='lat'><em>1</em></span> 
     </span>
     <span class='ocr_line' id='line_1_16' title="bbox 137 1437 299 1502; baseline 0.012 -16"><span class='ocrx_word' id='word_1_163' title='bbox 137 1449 161 1502; x_wconf 90' lang='lat' dir='ltr'><strong>p.</strong></span> <span class='ocrx_word' id='word_1_164' title='bbox 177 1437 229 1487; x_wconf 77' lang='grc'><strong>161</strong></span> <span class='ocrx_word' id='word_1_165' title='bbox 239 1451 299 1502; x_wconf 86' lang='lat' dir='ltr'><strong>sqq.</strong></span> 
     </span>
    </p>
   </div>
   <div class='ocr_carea' id='block_1_5' title="bbox 100 1510 1361 2650">
    <p class='ocr_par' dir='ltr' id='par_1_6' title="bbox 100 1510 1361 2650">
     <span class='ocr_line' id='line_1_17' title="bbox 224 1510 1361 1586; baseline -0.005 -20"><span class='ocrx_word' id='word_1_166' title='bbox 224 1529 306 1569; x_wconf 86' lang='lat' dir='ltr'><strong>canes</strong></span> <span class='ocrx_word' id='word_1_167' title='bbox 320 1512 451 1586; x_wconf 83' lang='lat' dir='ltr'><strong>feminas]</strong></span> <span class='ocrx_word' id='word_1_168' title='bbox 466 1513 574 1569; x_wconf 83' lang='lat' dir='ltr'><strong>Aeliam</strong></span> <span class='ocrx_word' id='word_1_169' title='bbox 590 1516 608 1568; x_wconf 95' lang='lat' dir='ltr'><strong>l.</strong></span> <span class='ocrx_word' id='word_1_170' title='bbox 623 1531 645 1569; x_wconf 89' lang='lat' dir='ltr'><strong>c.</strong></span> <span class='ocrx_word' id='word_1_171' title='bbox 664 1517 714 1569; x_wconf 84' lang='grc' dir='ltr'>τὰς</span> <span class='ocrx_word' id='word_1_172' title='bbox 733 1517 817 1569; x_wconf 89' lang='grc' dir='ltr'>κύνας</span> <span class='ocrx_word' id='word_1_173' title='bbox 834 1516 948 1580; x_wconf 80' lang='grc' dir='ltr'>ἄγαυςιν</span> <span class='ocrx_word' id='word_1_174' title='bbox 966 1514 995 1567; x_wconf 83' lang='grc' dir='ltr'>ἐς</span> <span class='ocrx_word' id='word_1_175' title='bbox 1012 1513 1048 1566; x_wconf 85' lang='grc' dir='ltr'><strong>τὰ</strong></span> <span class='ocrx_word' id='word_1_176' title='bbox 1062 1514 1167 1580; x_wconf 87' lang='grc' dir='ltr'>ἔνθηρα</span> <span class='ocrx_word' id='word_1_177' title='bbox 1182 1510 1270 1578; x_wconf 89' lang='grc' dir='ltr'>χωρία</span> <span class='ocrx_word' id='word_1_178' title='bbox 1297 1521 1361 1572; x_wconf 67' lang='lat' dir='ltr'><strong>maa</strong></span> 
     </span>
     <span class='ocr_line' id='line_1_18' title="bbox 138 1582 1307 1654; baseline -0.003 -16"><span class='ocrx_word' id='word_1_179' title='bbox 138 1586 162 1638; x_wconf 90' lang='lat' dir='ltr'><strong>ol</strong></span> <span class='ocrx_word' id='word_1_180' title='bbox 180 1588 324 1654; x_wconf 88' lang='grc' dir='ltr'>θηρατικοί</span> <span class='ocrx_word' id='word_1_181' title='bbox 343 1629 349 1639; x_wconf 90' lang='grc'><strong>.</strong></span> <span class='ocrx_word' id='word_1_182' title='bbox 365 1627 393 1642; x_wconf 91' lang='grc'><strong>..</strong></span> <span class='ocrx_word' id='word_1_183' title='bbox 413 1589 457 1641; x_wconf 88' lang='grc' dir='ltr'><strong>καί</strong></span> <span class='ocrx_word' id='word_1_184' title='bbox 475 1593 534 1641; x_wconf 84' lang='grc' dir='ltr'>ταῖς</span> <span class='ocrx_word' id='word_1_185' title='bbox 552 1588 674 1654; x_wconf 84' lang='grc' dir='ltr'>δένδροις</span> <span class='ocrx_word' id='word_1_186' title='bbox 692 1589 906 1654; x_wconf 88' lang='grc' dir='ltr'>προςδὴςαντες,</span> <span class='ocrx_word' id='word_1_187' title='bbox 925 1586 987 1638; x_wconf 83' lang='grc' dir='ltr'>εἶτα</span> <span class='ocrx_word' id='word_1_188' title='bbox 1006 1584 1099 1650; x_wconf 79' lang='grc' dir='ltr'>μέντοι</span> <span class='ocrx_word' id='word_1_189' title='bbox 1118 1582 1307 1636; x_wconf 84' lang='grc' dir='ltr'>ἀπαλλάττον-</span> 
     </span>
     <span class='ocr_line' id='line_1_19' title="bbox 137 1651 1308 1724; baseline -0.004 -14"><span class='ocrx_word' id='word_1_190' title='bbox 137 1674 179 1710; x_wconf 89' lang='grc' dir='ltr'><strong>ται</strong></span> <span class='ocrx_word' id='word_1_191' title='bbox 242 1657 269 1710; x_wconf 92' lang='grc' dir='ltr'>οί</span> <span class='ocrx_word' id='word_1_192' title='bbox 288 1659 318 1710; x_wconf 84' lang='grc' dir='ltr'><strong>δὲ</strong></span> <span class='ocrx_word' id='word_1_193' title='bbox 336 1656 437 1724; x_wconf 89' lang='grc' dir='ltr'>τίγρεις</span> <span class='ocrx_word' id='word_1_194' title='bbox 455 1659 617 1724; x_wconf 83' lang='grc' dir='ltr'>ἐντυχόντες</span> <span class='ocrx_word' id='word_1_195' title='bbox 635 1660 730 1712; x_wconf 77' lang='grc' dir='ltr'>αὐταῖς</span> <span class='ocrx_word' id='word_1_196' title='bbox 793 1660 939 1711; x_wconf 81' lang='grc' dir='ltr'>διαςπύιςιν</span> <span class='ocrx_word' id='word_1_197' title='bbox 954 1656 1040 1709; x_wconf 82' lang='grc' dir='ltr'>αὐτὰς</span> <span class='ocrx_word' id='word_1_198' title='bbox 1108 1651 1308 1720; x_wconf 87' lang='grc' dir='ltr'>ςυμπλέκονταί</span> 
     </span>
     <span class='ocr_line' id='line_1_20' title="bbox 100 1723 1307 1797; baseline -0.004 -17"><span class='ocrx_word' id='word_1_199' title='bbox 100 1729 104 1736; x_wconf 91' lang='grc'><strong>’</strong></span> <span class='ocrx_word' id='word_1_200' title='bbox 137 1744 167 1781; x_wconf 90' lang='grc' dir='ltr'><strong>τε</strong></span> <span class='ocrx_word' id='word_1_201' title='bbox 180 1730 275 1782; x_wconf 81' lang='grc' dir='ltr'>αὐτοῖς</span> <span class='ocrx_word' id='word_1_202' title='bbox 290 1768 296 1780; x_wconf 94' lang='grc'><strong><em>.</em></strong></span> <span class='ocrx_word' id='word_1_203' title='bbox 309 1769 333 1781; x_wconf 92' lang='grc'><strong>..</strong></span> <span class='ocrx_word' id='word_1_204' title='bbox 352 1729 384 1781; x_wconf 84' lang='grc' dir='ltr'>ἐκ</span> <span class='ocrx_word' id='word_1_205' title='bbox 402 1729 432 1782; x_wconf 81' lang='grc' dir='ltr'><strong>δὲ</strong></span> <span class='ocrx_word' id='word_1_206' title='bbox 449 1733 501 1794; x_wconf 80' lang='grc' dir='ltr'>τῆς</span> <span class='ocrx_word' id='word_1_207' title='bbox 519 1729 623 1794; x_wconf 85' lang='grc' dir='ltr'>ὁμιλίας</span> <span class='ocrx_word' id='word_1_208' title='bbox 640 1731 744 1797; x_wconf 81' lang='grc' dir='ltr'>ταύτης</span> <span class='ocrx_word' id='word_1_209' title='bbox 762 1731 795 1783; x_wconf 83' lang='grc' dir='ltr'><strong>οὐ</strong></span> <span class='ocrx_word' id='word_1_210' title='bbox 815 1729 900 1794; x_wconf 87' lang='grc' dir='ltr'>κύων,</span> <span class='ocrx_word' id='word_1_211' title='bbox 919 1728 1010 1794; x_wconf 91' lang='grc' dir='ltr'>φαςίν,</span> <span class='ocrx_word' id='word_1_212' title='bbox 1029 1726 1098 1779; x_wconf 85' lang='grc' dir='ltr'>ἀλλὰ</span> <span class='ocrx_word' id='word_1_213' title='bbox 1116 1723 1203 1791; x_wconf 84' lang='grc' dir='ltr'>τίγρις</span> <span class='ocrx_word' id='word_1_214' title='bbox 1220 1723 1307 1777; x_wconf 89' lang='grc' dir='ltr'>τίκτε-</span> 
     </span>
     <span class='ocr_line' id='line_1_21' title="bbox 137 1796 1307 1868; baseline -0.005 -16"><span class='ocrx_word' id='word_1_215' title='bbox 137 1815 193 1852; x_wconf 88' lang='grc' dir='ltr'>ται·</span> <span class='ocrx_word' id='word_1_216' title='bbox 212 1800 243 1852; x_wconf 85' lang='grc' dir='ltr'>ἑκ</span> <span class='ocrx_word' id='word_1_217' title='bbox 261 1801 292 1852; x_wconf 85' lang='grc' dir='ltr'><strong>δὲ</strong></span> <span class='ocrx_word' id='word_1_218' title='bbox 309 1800 414 1853; x_wconf 88' lang='grc' dir='ltr'>τούτου</span> <span class='ocrx_word' id='word_1_219' title='bbox 433 1802 478 1852; x_wconf 86' lang='grc' dir='ltr'><strong>καί</strong></span> <span class='ocrx_word' id='word_1_220' title='bbox 492 1800 574 1853; x_wconf 88' lang='grc' dir='ltr'>κυνδς</span> <span class='ocrx_word' id='word_1_221' title='bbox 592 1799 709 1868; x_wconf 84' lang='grc' dir='ltr'>θηλείας,</span> <span class='ocrx_word' id='word_1_222' title='bbox 728 1801 768 1854; x_wconf 83' lang='grc' dir='ltr'>ἔτι</span> <span class='ocrx_word' id='word_1_223' title='bbox 786 1799 873 1864; x_wconf 90' lang='grc' dir='ltr'>τίγρις</span> <span class='ocrx_word' id='word_1_224' title='bbox 890 1797 1000 1864; x_wconf 84' lang='grc' dir='ltr'>τεχθείη</span> <span class='ocrx_word' id='word_1_225' title='bbox 1015 1799 1062 1849; x_wconf 85' lang='lat' dir='ltr'><strong>dv·</strong></span> <span class='ocrx_word' id='word_1_226' title='bbox 1082 1797 1098 1848; x_wconf 90' lang='grc' dir='ltr'>ὁ</span> <span class='ocrx_word' id='word_1_227' title='bbox 1113 1797 1143 1848; x_wconf 83' lang='grc' dir='ltr'><strong>δὲ</strong></span> <span class='ocrx_word' id='word_1_228' title='bbox 1158 1797 1189 1847; x_wconf 82' lang='grc' dir='ltr'>ἐκ</span> <span class='ocrx_word' id='word_1_229' title='bbox 1202 1796 1307 1848; x_wconf 89' lang='grc' dir='ltr'>τούτου</span> 
     </span>
     <span class='ocr_line' id='line_1_22' title="bbox 138 1864 1307 1938; baseline -0.005 -16"><span class='ocrx_word' id='word_1_230' title='bbox 138 1873 181 1922; x_wconf 88' lang='grc' dir='ltr'><strong>καί</strong></span> <span class='ocrx_word' id='word_1_231' title='bbox 200 1871 281 1923; x_wconf 90' lang='grc' dir='ltr'>κυνὸς</span> <span class='ocrx_word' id='word_1_232' title='bbox 300 1869 337 1922; x_wconf 95' lang='grc' dir='ltr'><strong>είς</strong></span> <span class='ocrx_word' id='word_1_233' title='bbox 354 1873 408 1935; x_wconf 90' lang='grc' dir='ltr'>τὴν</span> <span class='ocrx_word' id='word_1_234' title='bbox 427 1872 533 1938; x_wconf 83' lang='grc' dir='ltr'>μητέρα</span> <span class='ocrx_word' id='word_1_235' title='bbox 551 1871 726 1938; x_wconf 87' lang='grc' dir='ltr'>ἀποκρίνεται</span> <span class='ocrx_word' id='word_1_236' title='bbox 745 1913 752 1926; x_wconf 93' lang='grc'><strong>.</strong></span> <span class='ocrx_word' id='word_1_237' title='bbox 768 1910 796 1925; x_wconf 90' lang='grc'><strong>..</strong></span> <span class='ocrx_word' id='word_1_238' title='bbox 816 1871 861 1922; x_wconf 88' lang='grc' dir='ltr'><strong>καί</strong></span> <span class='ocrx_word' id='word_1_239' title='bbox 880 1868 956 1921; x_wconf 84' lang='grc' dir='ltr'>κύων</span> <span class='ocrx_word' id='word_1_240' title='bbox 975 1867 1105 1921; x_wconf 84' lang='grc' dir='ltr'>τίκτεται.</span> <span class='ocrx_word' id='word_1_241' title='bbox 1144 1864 1214 1919; x_wconf 88' lang='lat' dir='ltr'><strong>Pliu.</strong></span> <span class='ocrx_word' id='word_1_242' title='bbox 1233 1883 1258 1919; x_wconf 91' lang='lat' dir='ltr'><strong>n.</strong></span> <span class='ocrx_word' id='word_1_243' title='bbox 1279 1864 1307 1917; x_wconf 87' lang='lat' dir='ltr'><strong>h.</strong></span> 
     </span>
     <span class='ocr_line' id='line_1_23' title="bbox 137 1935 1280 2008; baseline -0.003 -16"><span class='ocrx_word' id='word_1_244' title='bbox 137 1945 161 2008; x_wconf 87' lang='grc' dir='ltr'>θ,</span> <span class='ocrx_word' id='word_1_245' title='bbox 181 1945 231 1994; x_wconf 77' lang='grc'>117</span> <span class='ocrx_word' id='word_1_246' title='bbox 259 1940 358 2008; x_wconf 81' lang='lat' dir='ltr'><strong>(Solin.</strong></span> <span class='ocrx_word' id='word_1_247' title='bbox 380 1945 421 2006; x_wconf 79' lang='grc'><strong>15,</strong></span> <span class='ocrx_word' id='word_1_248' title='bbox 442 1943 494 2008; x_wconf 80' lang='grc'>11).</span> <span class='ocrx_word' id='word_1_249' title='bbox 522 1941 636 1996; x_wconf 84' lang='lat' dir='ltr'><strong>Aristot.</strong></span> <span class='ocrx_word' id='word_1_250' title='bbox 655 1942 720 1995; x_wconf 85' lang='lat' dir='ltr'><strong>hist.</strong></span> <span class='ocrx_word' id='word_1_251' title='bbox 740 1939 823 1995; x_wconf 88' lang='lat' dir='ltr'><strong>anim.</strong></span> <span class='ocrx_word' id='word_1_252' title='bbox 843 1945 868 2006; x_wconf 88' lang='lat'><strong>8,</strong></span> <span class='ocrx_word' id='word_1_253' title='bbox 883 1943 918 1992; x_wconf 87' lang='grc'>98</span> <span class='ocrx_word' id='word_1_254' title='bbox 936 1955 964 2007; x_wconf 89' lang='lat' dir='ltr'><strong>p.</strong></span> <span class='ocrx_word' id='word_1_255' title='bbox 979 1941 1093 2006; x_wconf 76' lang='grc' dir='ltr'>607α,3</span> <span class='ocrx_word' id='word_1_256' title='bbox 1113 1935 1180 1990; x_wconf 89' lang='lat' dir='ltr'><strong>edit.</strong></span> <span class='ocrx_word' id='word_1_257' title='bbox 1200 1935 1280 1988; x_wconf 87' lang='lat' dir='ltr'><strong>acad.</strong></span> 
     </span>
     <span class='ocr_line' id='line_1_24' title="bbox 223 2005 1361 2083; baseline -0.005 -19"><span class='ocrx_word' id='word_1_258' title='bbox 223 2011 312 2064; x_wconf 90' lang='lat' dir='ltr'><strong>multo</strong></span> <span class='ocrx_word' id='word_1_259' title='bbox 331 2011 509 2083; x_wconf 85' lang='lat' dir='ltr'><strong>acerrimum]</strong></span> <span class='ocrx_word' id='word_1_260' title='bbox 531 2012 641 2066; x_wconf 87' lang='lat' dir='ltr'><strong>‘multo’</strong></span> <span class='ocrx_word' id='word_1_261' title='bbox 662 2011 773 2080; x_wconf 86' lang='lat' dir='ltr'><strong>saepius</strong></span> <span class='ocrx_word' id='word_1_262' title='bbox 791 2011 850 2064; x_wconf 93' lang='lat' dir='ltr'><strong>uim</strong></span> <span class='ocrx_word' id='word_1_263' title='bbox 870 2009 1036 2078; x_wconf 87' lang='lat' dir='ltr'><strong>superlatiui</strong></span> <span class='ocrx_word' id='word_1_264' title='bbox 1058 2010 1153 2078; x_wconf 81' lang='lat' dir='ltr'><strong>auget,</strong></span> <span class='ocrx_word' id='word_1_265' title='bbox 1173 2005 1207 2060; x_wconf 85' lang='lat' dir='ltr'><strong>ol.</strong></span> <span class='ocrx_word' id='word_1_266' title='bbox 1227 2021 1270 2058; x_wconf 84' lang='lat' dir='ltr'><strong>ex.</strong></span> <span class='ocrx_word' id='word_1_267' title='bbox 1297 2017 1361 2068; x_wconf 75' lang='grc' dir='ltr'><strong>ωηο</strong></span> 
     </span>
     <span class='ocr_line' id='line_1_25' title="bbox 137 2078 1250 2152; baseline -0.002 -20"><span class='ocrx_word' id='word_1_268' title='bbox 137 2099 176 2150; x_wconf 85' lang='lat' dir='ltr'><strong>gr.</strong></span> <span class='ocrx_word' id='word_1_269' title='bbox 195 2079 255 2136; x_wconf 81' lang='lat' dir='ltr'><strong>Liv.</strong></span> <span class='ocrx_word' id='word_1_270' title='bbox 276 2089 300 2148; x_wconf 93' lang='grc'><strong>1,</strong></span> <span class='ocrx_word' id='word_1_271' title='bbox 317 2087 359 2148; x_wconf 96' lang='grc'><strong>11,</strong></span> <span class='ocrx_word' id='word_1_272' title='bbox 374 2089 399 2136; x_wconf 80' lang='lat'><strong>5.</strong></span> <span class='ocrx_word' id='word_1_273' title='bbox 419 2081 490 2152; x_wconf 83' lang='lat' dir='ltr'><strong>Nep.</strong></span> <span class='ocrx_word' id='word_1_274' title='bbox 505 2082 594 2136; x_wconf 83' lang='lat' dir='ltr'><strong>Alcib.</strong></span> <span class='ocrx_word' id='word_1_275' title='bbox 611 2089 634 2149; x_wconf 89' lang='lat'><strong>1,</strong></span> <span class='ocrx_word' id='word_1_276' title='bbox 649 2088 673 2138; x_wconf 83' lang='grc'>9.</span> <span class='ocrx_word' id='word_1_277' title='bbox 693 2081 842 2138; x_wconf 85' lang='lat' dir='ltr'><strong>Woelfflin</strong></span> <span class='ocrx_word' id='word_1_278' title='bbox 863 2078 1081 2149; x_wconf 78' lang='lat' dir='ltr'><strong>‘Comparation’</strong></span> <span class='ocrx_word' id='word_1_279' title='bbox 1102 2097 1130 2148; x_wconf 89' lang='lat' dir='ltr'><strong>p.</strong></span> <span class='ocrx_word' id='word_1_280' title='bbox 1145 2081 1178 2133; x_wconf 82' lang='grc'><strong>97</strong></span> <span class='ocrx_word' id='word_1_281' title='bbox 1190 2094 1250 2145; x_wconf 88' lang='lat' dir='ltr'><strong>sqq.</strong></span> 
     </span>
     <span class='ocr_line' id='line_1_26' title="bbox 223 2149 1360 2226; baseline -0.008 -19"><span class='ocrx_word' id='word_1_282' title='bbox 223 2153 353 2222; x_wconf 84' lang='lat' dir='ltr'><strong>peruenit</strong></span> <span class='ocrx_word' id='word_1_283' title='bbox 365 2152 395 2206; x_wconf 90' lang='lat' dir='ltr'><strong>in</strong></span> <span class='ocrx_word' id='word_1_284' title='bbox 409 2169 525 2223; x_wconf 83' lang='lat' dir='ltr'><strong>regnum</strong></span> <span class='ocrx_word' id='word_1_285' title='bbox 541 2153 643 2226; x_wconf 83' lang='lat' dir='ltr'><strong>Phegi]</strong></span> <span class='ocrx_word' id='word_1_286' title='bbox 664 2153 801 2208; x_wconf 85' lang='lat' dir='ltr'><strong>Diodorus</strong></span> <span class='ocrx_word' id='word_1_287' title='bbox 815 2156 859 2220; x_wconf 93' lang='grc'><strong>17,</strong></span> <span class='ocrx_word' id='word_1_288' title='bbox 873 2157 916 2218; x_wconf 86' lang='grc'><strong>99,</strong></span> <span class='ocrx_word' id='word_1_289' title='bbox 933 2160 945 2205; x_wconf 92' lang='grc'>1</span> <span class='ocrx_word' id='word_1_290' title='bbox 966 2153 996 2206; x_wconf 89' lang='lat' dir='ltr'><strong>et</strong></span> <span class='ocrx_word' id='word_1_291' title='bbox 1014 2153 1113 2204; x_wconf 86' lang='lat' dir='ltr'><strong>auctor</strong></span> <span class='ocrx_word' id='word_1_292' title='bbox 1132 2149 1270 2219; x_wconf 85' lang='lat' dir='ltr'><strong>epitomes</strong></span> <span class='ocrx_word' id='word_1_293' title='bbox 1296 2159 1360 2210; x_wconf 86' lang='grc' dir='ltr'>ιοι,ι</span> 
     </span>
     <span class='ocr_line' id='line_1_27' title="bbox 138 2220 1308 2293; baseline -0.002 -20"><span class='ocrx_word' id='word_1_294' title='bbox 138 2223 324 2278; x_wconf 77' lang='lat' dir='ltr'><strong>Alexandrum</strong></span> <span class='ocrx_word' id='word_1_295' title='bbox 352 2224 428 2278; x_wconf 85' lang='lat' dir='ltr'><strong>aSo</strong></span> <span class='ocrx_word' id='word_1_296' title='bbox 451 2223 508 2278; x_wconf 88' lang='lat' dir='ltr'><strong>ithe</strong></span> <span class='ocrx_word' id='word_1_297' title='bbox 534 2227 624 2293; x_wconf 84' lang='lat' dir='ltr'><strong>primo</strong></span> <span class='ocrx_word' id='word_1_298' title='bbox 652 2225 689 2278; x_wconf 91' lang='lat' dir='ltr'><strong>ad</strong></span> <span class='ocrx_word' id='word_1_299' title='bbox 712 2224 840 2293; x_wconf 80' lang='lat' dir='ltr'>Phegea,</span> <span class='ocrx_word' id='word_1_300' title='bbox 868 2222 970 2278; x_wconf 89' lang='lat' dir='ltr'><strong>deiude</strong></span> <span class='ocrx_word' id='word_1_301' title='bbox 997 2223 1034 2276; x_wconf 85' lang='lat' dir='ltr'><strong>ad</strong></span> <span class='ocrx_word' id='word_1_302' title='bbox 1061 2220 1218 2290; x_wconf 83' lang='lat' dir='ltr'><strong>Hyphasim</strong></span> <span class='ocrx_word' id='word_1_303' title='bbox 1246 2235 1308 2287; x_wconf 89' lang='lat' dir='ltr'><strong>per·</strong></span> 
     </span>
     <span class='ocr_line' id='line_1_28' title="bbox 137 2243 1308 2366; baseline 0.001 -22"><span class='ocrx_word' id='word_1_304' title='bbox 137 2295 244 2349; x_wconf 78' lang='lat' dir='ltr'><strong>sreniase</strong></span> <span class='ocrx_word' id='word_1_305' title='bbox 267 2295 396 2360; x_wconf 80' lang='lat' dir='ltr'><strong>narraut3</strong></span> <span class='ocrx_word' id='word_1_306' title='bbox 421 2243 561 2366; x_wconf 80' lang='lat' dir='ltr'><strong>disompat</strong></span> <span class='ocrx_word' id='word_1_307' title='bbox 580 2297 731 2364; x_wconf 74' lang='lat' dir='ltr'><strong>Curtiusll,</strong></span> <span class='ocrx_word' id='word_1_308' title='bbox 752 2301 777 2364; x_wconf 90' lang='grc'><strong>1,</strong></span> <span class='ocrx_word' id='word_1_309' title='bbox 795 2301 838 2350; x_wconf 82' lang='grc'>96.</span> <span class='ocrx_word' id='word_1_310' title='bbox 882 2293 919 2349; x_wconf 85' lang='lat' dir='ltr'><strong>ad</strong></span> <span class='ocrx_word' id='word_1_311' title='bbox 942 2295 1109 2363; x_wconf 75' lang='lat' dir='ltr'><strong>scripturam</strong></span> <span class='ocrx_word' id='word_1_312' title='bbox 1132 2290 1253 2345; x_wconf 85' lang='lat' dir='ltr'><strong>nominis</strong></span> <span class='ocrx_word' id='word_1_313' title='bbox 1272 2288 1308 2346; x_wconf 86' lang='lat' dir='ltr'><strong>cl.</strong></span> 
     </span>
     <span class='ocr_line' id='line_1_29' title="bbox 137 2361 1308 2437; baseline -0.005 -19"><span class='ocrx_word' id='word_1_314' title='bbox 137 2363 211 2418; x_wconf 87' lang='lat' dir='ltr'><strong>Curt.</strong></span> <span class='ocrx_word' id='word_1_315' title='bbox 225 2364 244 2420; x_wconf 94' lang='lat' dir='ltr'><strong>l.</strong></span> <span class='ocrx_word' id='word_1_316' title='bbox 263 2382 297 2433; x_wconf 92' lang='lat' dir='ltr'><strong>c.,</strong></span> <span class='ocrx_word' id='word_1_317' title='bbox 321 2365 371 2419; x_wconf 86' lang='lat' dir='ltr'><strong>ubi</strong></span> <span class='ocrx_word' id='word_1_318' title='bbox 394 2364 475 2421; x_wconf 90' lang='lat' dir='ltr'><strong>codd.</strong></span> <span class='ocrx_word' id='word_1_319' title='bbox 495 2365 543 2434; x_wconf 91' lang='lat' dir='ltr'><strong>qui</strong></span> <span class='ocrx_word' id='word_1_320' title='bbox 563 2366 748 2437; x_wconf 84' lang='lat' dir='ltr'><strong>‘interpolati&#39;</strong></span> <span class='ocrx_word' id='word_1_321' title='bbox 770 2365 900 2420; x_wconf 86' lang='lat' dir='ltr'><strong>dicuntur</strong></span> <span class='ocrx_word' id='word_1_322' title='bbox 917 2364 1056 2434; x_wconf 75' lang='lat' dir='ltr'><strong>praebent</strong></span> <span class='ocrx_word' id='word_1_323' title='bbox 1075 2361 1237 2430; x_wconf 86' lang='lat' dir='ltr'><strong>‘Phegeus’,</strong></span> <span class='ocrx_word' id='word_1_324' title='bbox 1264 2373 1308 2412; x_wconf 90' lang='lat' dir='ltr'><strong>ce-</strong></span> 
     </span>
     <span class='ocr_line' id='line_1_30' title="bbox 138 2431 1308 2511; baseline -0.006 -23"><span class='ocrx_word' id='word_1_325' title='bbox 138 2433 191 2488; x_wconf 89' lang='lat' dir='ltr'><strong>teri</strong></span> <span class='ocrx_word' id='word_1_326' title='bbox 209 2437 304 2490; x_wconf 79' lang='lat' dir='ltr'><strong>autem</strong></span> <span class='ocrx_word' id='word_1_327' title='bbox 326 2436 490 2506; x_wconf 81' lang='lat' dir='ltr'><strong>‘Phegelis’.</strong></span> <span class='ocrx_word' id='word_1_328' title='bbox 527 2444 551 2505; x_wconf 85' lang='lat'><strong>9,</strong></span> <span class='ocrx_word' id='word_1_329' title='bbox 567 2445 591 2508; x_wconf 89' lang='grc'><strong>9,</strong></span> <span class='ocrx_word' id='word_1_330' title='bbox 607 2445 622 2492; x_wconf 87' lang='grc'>9</span> <span class='ocrx_word' id='word_1_331' title='bbox 641 2443 736 2492; x_wconf 84' lang='lat' dir='ltr'><strong>tumen</strong></span> <span class='ocrx_word' id='word_1_332' title='bbox 755 2439 849 2492; x_wconf 79' lang='lat' dir='ltr'><strong>exstat</strong></span> <span class='ocrx_word' id='word_1_333' title='bbox 864 2435 1010 2505; x_wconf 82' lang='lat' dir='ltr'><strong>‘Phegea’,</strong></span> <span class='ocrx_word' id='word_1_334' title='bbox 1029 2434 1064 2488; x_wconf 84' lang='lat' dir='ltr'><strong>ci.</strong></span> <span class='ocrx_word' id='word_1_335' title='bbox 1082 2431 1161 2487; x_wconf 89' lang='lat' dir='ltr'><strong>Diod.</strong></span> <span class='ocrx_word' id='word_1_336' title='bbox 1179 2438 1219 2498; x_wconf 89' lang='grc'><strong>17,</strong></span> <span class='ocrx_word' id='word_1_337' title='bbox 1235 2435 1308 2511; x_wconf 77' lang='grc'>93,1</span> 
     </span>
     <span class='ocr_line' id='line_1_31' title="bbox 136 2503 1310 2579; baseline -0.008 -19"><span class='ocrx_word' id='word_1_338' title='bbox 136 2507 257 2572; x_wconf 82' lang='grc' dir='ltr'>Φηγέως</span> <span class='ocrx_word' id='word_1_339' title='bbox 291 2506 345 2562; x_wconf 88' lang='lat' dir='ltr'><strong>hoc</strong></span> <span class='ocrx_word' id='word_1_340' title='bbox 359 2508 421 2563; x_wconf 82' lang='lat' dir='ltr'><strong>loco</strong></span> <span class='ocrx_word' id='word_1_341' title='bbox 438 2509 549 2579; x_wconf 79' lang='lat' dir='ltr'><strong>‘Phegi’</strong></span> <span class='ocrx_word' id='word_1_342' title='bbox 569 2509 681 2575; x_wconf 89' lang='lat' dir='ltr'><strong>retinui,</strong></span> <span class='ocrx_word' id='word_1_343' title='bbox 701 2525 762 2561; x_wconf 88' lang='lat' dir='ltr'><strong>cum</strong></span> <span class='ocrx_word' id='word_1_344' title='bbox 778 2508 935 2574; x_wconf 84' lang='lat' dir='ltr'><strong>putauerim</strong></span> <span class='ocrx_word' id='word_1_345' title='bbox 951 2505 1069 2560; x_wconf 82' lang='lat' dir='ltr'><strong>alteram</strong></span> <span class='ocrx_word' id='word_1_346' title='bbox 1088 2503 1206 2558; x_wconf 83' lang='lat' dir='ltr'><strong>formam</strong></span> <span class='ocrx_word' id='word_1_347' title='bbox 1228 2503 1310 2553; x_wconf 79' lang='lat' dir='ltr'><strong>huius</strong></span> 
     </span>
     <span class='ocr_line' id='line_1_32' title="bbox 136 2577 867 2650; baseline 0.001 -21"><span class='ocrx_word' id='word_1_348' title='bbox 136 2577 254 2631; x_wconf 87' lang='lat' dir='ltr'><strong>neminie</strong></span> <span class='ocrx_word' id='word_1_349' title='bbox 273 2577 361 2632; x_wconf 78' lang='lat' dir='ltr'><strong>fuisse</strong></span> <span class='ocrx_word' id='word_1_350' title='bbox 380 2580 477 2646; x_wconf 88' lang='grc' dir='ltr'>Φήγης</span> <span class='ocrx_word' id='word_1_351' title='bbox 495 2582 544 2650; x_wconf 85' lang='lat' dir='ltr'><strong>(cl.</strong></span> <span class='ocrx_word' id='word_1_352' title='bbox 564 2582 669 2646; x_wconf 83' lang='lat' dir='ltr'><strong>Perses,</strong></span> <span class='ocrx_word' id='word_1_353' title='bbox 688 2595 751 2647; x_wconf 82' lang='lat' dir='ltr'><strong>gen.</strong></span> <span class='ocrx_word' id='word_1_354' title='bbox 772 2577 867 2645; x_wconf 84' lang='lat' dir='ltr'><strong>Persi).</strong></span> 
     </span>
    </p>
   </div>
   <div class='ocr_carea' id='block_1_6' title="bbox 133 2648 1313 3008">
    <p class='ocr_par' dir='ltr' id='par_1_7' title="bbox 133 2648 1313 3008">
     <span class='ocr_line' id='line_1_33' title="bbox 145 2648 1312 2731; baseline -0.01 -20"><span class='ocrx_word' id='word_1_355' title='bbox 145 2661 149 2668; x_wconf 91' lang='lat'>&#39;</span> <span class='ocrx_word' id='word_1_356' title='bbox 223 2673 286 2710; x_wconf 87' lang='lat' dir='ltr'><strong>cum</strong></span> <span class='ocrx_word' id='word_1_357' title='bbox 311 2657 408 2711; x_wconf 90' lang='lat' dir='ltr'><strong>multis</strong></span> <span class='ocrx_word' id='word_1_358' title='bbox 433 2658 526 2731; x_wconf 86' lang='lat' dir='ltr'><strong>donis]</strong></span> <span class='ocrx_word' id='word_1_359' title='bbox 553 2659 628 2714; x_wconf 80' lang='lat' dir='ltr'><strong>(lust.</strong></span> <span class='ocrx_word' id='word_1_360' title='bbox 652 2661 775 2726; x_wconf 84' lang='grc' dir='ltr'>9,1,θθ</span> <span class='ocrx_word' id='word_1_361' title='bbox 804 2655 943 2724; x_wconf 82' lang='lat' dir='ltr'><strong>‘Phegeus</strong></span> <span class='ocrx_word' id='word_1_362' title='bbox 967 2656 1029 2708; x_wconf 85' lang='lat' dir='ltr'><strong>erat</strong></span> <span class='ocrx_word' id='word_1_363' title='bbox 1051 2652 1145 2723; x_wconf 86' lang='lat' dir='ltr'><strong>gentis</strong></span> <span class='ocrx_word' id='word_1_364' title='bbox 1167 2648 1312 2720; x_wconf 82' lang='lat' dir='ltr'><strong>proximae</strong></span> 
     </span>
     <span class='ocr_line' id='line_1_34' title="bbox 136 2719 1311 2795; baseline -0.008 -17"><span class='ocrx_word' id='word_1_365' title='bbox 136 2743 195 2780; x_wconf 86' lang='lat' dir='ltr'><strong>rex:</strong></span> <span class='ocrx_word' id='word_1_366' title='bbox 214 2727 263 2795; x_wconf 90' lang='lat' dir='ltr'><strong>qui</strong></span> <span class='ocrx_word' id='word_1_367' title='bbox 283 2768 357 2784; x_wconf 90' lang='lat'><strong><em>....</em></strong></span> <span class='ocrx_word' id='word_1_368' title='bbox 378 2729 537 2786; x_wconf 85' lang='lat' dir='ltr'><strong>Alexandro</strong></span> <span class='ocrx_word' id='word_1_369' title='bbox 556 2749 617 2786; x_wconf 88' lang='lat' dir='ltr'><strong>cum</strong></span> <span class='ocrx_word' id='word_1_370' title='bbox 638 2727 718 2783; x_wconf 86' lang='lat' dir='ltr'><strong>donis</strong></span> <span class='ocrx_word' id='word_1_371' title='bbox 737 2726 865 2795; x_wconf 81' lang='lat' dir='ltr'><strong>occurrit,</strong></span> <span class='ocrx_word' id='word_1_372' title='bbox 885 2724 965 2793; x_wconf 89' lang='lat' dir='ltr'><strong>nihil,</strong></span> <span class='ocrx_word' id='word_1_373' title='bbox 985 2727 1060 2792; x_wconf 89' lang='lat' dir='ltr'><strong>quod</strong></span> <span class='ocrx_word' id='word_1_374' title='bbox 1079 2721 1240 2792; x_wconf 80' lang='lat' dir='ltr'><strong>imperaret,</strong></span> <span class='ocrx_word' id='word_1_375' title='bbox 1264 2719 1311 2770; x_wconf 90' lang='lat' dir='ltr'><strong>de·</strong></span> 
     </span>
     <span class='ocr_line' id='line_1_35' title="bbox 135 2793 1311 2867; baseline -0.006 -18"><span class='ocrx_word' id='word_1_376' title='bbox 135 2799 279 2851; x_wconf 63' lang='lat' dir='ltr'><strong>tractans!</strong></span> <span class='ocrx_word' id='word_1_377' title='bbox 318 2799 401 2853; x_wconf 90' lang='lat' dir='ltr'><strong>Diod.</strong></span> <span class='ocrx_word' id='word_1_378' title='bbox 416 2801 434 2853; x_wconf 94' lang='lat' dir='ltr'><strong>l.</strong></span> <span class='ocrx_word' id='word_1_379' title='bbox 450 2800 468 2853; x_wconf 93' lang='lat' dir='ltr'><strong>l.</strong></span> <span class='ocrx_word' id='word_1_380' title='bbox 493 2804 577 2856; x_wconf 87' lang='grc' dir='ltr'>αύτδς</span> <span class='ocrx_word' id='word_1_381' title='bbox 596 2804 626 2856; x_wconf 85' lang='grc' dir='ltr'><strong>δὲ</strong></span> <span class='ocrx_word' id='word_1_382' title='bbox 645 2801 683 2855; x_wconf 89' lang='grc' dir='ltr'><strong>είς</strong></span> <span class='ocrx_word' id='word_1_383' title='bbox 704 2803 757 2867; x_wconf 85' lang='grc' dir='ltr'>τὴν</span> <span class='ocrx_word' id='word_1_384' title='bbox 775 2799 892 2866; x_wconf 82' lang='grc' dir='ltr'>Φηγέως</span> <span class='ocrx_word' id='word_1_385' title='bbox 911 2795 1074 2851; x_wconf 89' lang='grc' dir='ltr'>δυναςτείαν</span> <span class='ocrx_word' id='word_1_386' title='bbox 1093 2793 1222 2861; x_wconf 83' lang='grc' dir='ltr'>ἐμβαλὼν</span> <span class='ocrx_word' id='word_1_387' title='bbox 1239 2831 1245 2844; x_wconf 91' lang='grc'><strong>.</strong></span> <span class='ocrx_word' id='word_1_388' title='bbox 1261 2833 1267 2844; x_wconf 96' lang='grc'>.</span> <span class='ocrx_word' id='word_1_389' title='bbox 1284 2829 1311 2842; x_wconf 95' lang='grc'><strong>..</strong></span> 
     </span>
     <span class='ocr_line' id='line_1_36' title="bbox 134 2862 1313 2940; baseline -0.005 -21"><span class='ocrx_word' id='word_1_390' title='bbox 134 2873 184 2920; x_wconf 88' lang='grc' dir='ltr'><strong>τού</strong></span> <span class='ocrx_word' id='word_1_391' title='bbox 208 2870 327 2936; x_wconf 85' lang='grc' dir='ltr'>Φηγέως</span> <span class='ocrx_word' id='word_1_392' title='bbox 349 2872 418 2929; x_wconf 82' lang='grc' dir='ltr'>μετὰ</span> <span class='ocrx_word' id='word_1_393' title='bbox 441 2874 543 2940; x_wconf 80' lang='grc' dir='ltr'>δώρων</span> <span class='ocrx_word' id='word_1_394' title='bbox 564 2876 678 2928; x_wconf 83' lang='grc' dir='ltr'>πολλῶν</span> <span class='ocrx_word' id='word_1_395' title='bbox 701 2871 922 2937; x_wconf 83' lang='grc' dir='ltr'>ἀπαντήςαντος,</span> <span class='ocrx_word' id='word_1_396' title='bbox 944 2869 998 2937; x_wconf 86' lang='grc' dir='ltr'>τήν</span> <span class='ocrx_word' id='word_1_397' title='bbox 1024 2883 1056 2922; x_wconf 92' lang='grc' dir='ltr'><strong>τε</strong></span> <span class='ocrx_word' id='word_1_398' title='bbox 1081 2863 1216 2932; x_wconf 87' lang='grc' dir='ltr'>βαςιλείαν</span> <span class='ocrx_word' id='word_1_399' title='bbox 1242 2862 1313 2927; x_wconf 78' lang='grc' dir='ltr'>ἔχειν</span> 
     </span>
     <span class='ocr_line' id='line_1_37' title="bbox 133 2943 374 3008; baseline 0.004 -16"><span class='ocrx_word' id='word_1_400' title='bbox 133 2943 302 3008; x_wconf 85' lang='grc' dir='ltr'>ςυνεχιύρηςε</span> <span class='ocrx_word' id='word_1_401' title='bbox 321 2945 374 2995; x_wconf 87' lang='lat' dir='ltr'><strong>etc.</strong></span> 
     </span>
    </p>
   </div>
   <div class='ocr_carea' id='block_1_7' title="bbox 126 3012 1365 3658">
    <p class='ocr_par' dir='ltr' id='par_1_8' title="bbox 220 3012 1365 3095">
     <span class='ocr_line' id='line_1_38' title="bbox 220 3012 1365 3095; baseline 0.003 -21"><span class='ocrx_word' id='word_1_402' title='bbox 220 3021 256 3074; x_wconf 87' lang='lat' dir='ltr'><strong>ad</strong></span> <span class='ocrx_word' id='word_1_403' title='bbox 270 3019 373 3073; x_wconf 86' lang='lat' dir='ltr'><strong>flumcu</strong></span> <span class='ocrx_word' id='word_1_404' title='bbox 387 3019 544 3095; x_wconf 80' lang='lat' dir='ltr'><strong>Hyphasin]</strong></span> <span class='ocrx_word' id='word_1_405' title='bbox 564 3020 735 3094; x_wconf 82' lang='lat' dir='ltr'><strong>‘Hydaspes’</strong></span> <span class='ocrx_word' id='word_1_406' title='bbox 751 3021 857 3079; x_wconf 88' lang='lat' dir='ltr'><strong>fluuius</strong></span> <span class='ocrx_word' id='word_1_407' title='bbox 872 3023 966 3081; x_wconf 85' lang='lat' dir='ltr'><strong>locum</strong></span> <span class='ocrx_word' id='word_1_408' title='bbox 986 3020 1033 3077; x_wconf 86' lang='lat' dir='ltr'><strong>hie</strong></span> <span class='ocrx_word' id='word_1_409' title='bbox 1050 3017 1154 3073; x_wconf 85' lang='lat' dir='ltr'><strong>habere</strong></span> <span class='ocrx_word' id='word_1_410' title='bbox 1172 3012 1278 3087; x_wconf 82' lang='lat' dir='ltr'><strong>nequit.</strong></span> <span class='ocrx_word' id='word_1_411' title='bbox 1302 3025 1365 3078; x_wconf 71' lang='lat'><strong>1⁰⁷,8</strong></span> 
     </span>
    </p>

    <p class='ocr_par' dir='ltr' id='par_1_9' title="bbox 126 3087 1311 3658">
     <span class='ocr_line' id='line_1_39' title="bbox 132 3087 1311 3167; baseline 0.006 -25"><span class='ocrx_word' id='word_1_412' title='bbox 132 3089 165 3142; x_wconf 88' lang='lat' dir='ltr'><strong>cl.</strong></span> <span class='ocrx_word' id='word_1_413' title='bbox 185 3087 301 3156; x_wconf 82' lang='lat' dir='ltr'><strong>Curt.9,</strong></span> <span class='ocrx_word' id='word_1_414' title='bbox 322 3095 345 3158; x_wconf 93' lang='grc'><strong>1,</strong></span> <span class='ocrx_word' id='word_1_415' title='bbox 365 3097 399 3145; x_wconf 77' lang='lat'><strong>86</strong></span> <span class='ocrx_word' id='word_1_416' title='bbox 425 3092 472 3146; x_wconf 81' lang='lat' dir='ltr'><strong>‘ad</strong></span> <span class='ocrx_word' id='word_1_417' title='bbox 494 3093 613 3150; x_wconf 84' lang='lat' dir='ltr'><strong>fluuium</strong></span> <span class='ocrx_word' id='word_1_418' title='bbox 638 3093 787 3164; x_wconf 66' lang='lat' dir='ltr'><strong>Hypasin?</strong></span> <span class='ocrx_word' id='word_1_419' title='bbox 830 3093 903 3152; x_wconf 89' lang='lat' dir='ltr'><strong>Plin.</strong></span> <span class='ocrx_word' id='word_1_420' title='bbox 923 3102 949 3167; x_wconf 90' lang='grc'><strong>6,</strong></span> <span class='ocrx_word' id='word_1_421' title='bbox 971 3099 1006 3149; x_wconf 90' lang='grc'>69</span> <span class='ocrx_word' id='word_1_422' title='bbox 1028 3089 1074 3148; x_wconf 83' lang='lat' dir='ltr'><strong>‘ad</strong></span> <span class='ocrx_word' id='word_1_423' title='bbox 1097 3087 1234 3163; x_wconf 71' lang='lat' dir='ltr'><strong>Hypasim</strong></span> <span class='ocrx_word' id='word_1_424' title='bbox 1257 3103 1311 3144; x_wconf 81' lang='lat' dir='ltr'><strong>non</strong></span> 
     </span>
     <span class='ocr_line' id='line_1_40' title="bbox 131 3160 1308 3235; baseline 0.003 -21"><span class='ocrx_word' id='word_1_425' title='bbox 131 3160 327 3230; x_wconf 83' lang='lat' dir='ltr'><strong>ignobiliorem</strong></span> <span class='ocrx_word' id='word_1_426' title='bbox 346 3163 487 3233; x_wconf 86' lang='lat' dir='ltr'><strong>(fluuium),</strong></span> <span class='ocrx_word' id='word_1_427' title='bbox 506 3169 557 3231; x_wconf 90' lang='lat' dir='ltr'><strong>qui</strong></span> <span class='ocrx_word' id='word_1_428' title='bbox 577 3163 633 3220; x_wconf 76' lang='lat' dir='ltr'><strong>mil</strong></span> <span class='ocrx_word' id='word_1_429' title='bbox 647 3163 804 3225; x_wconf 85' lang='lat' dir='ltr'><strong>Alexandri</strong></span> <span class='ocrx_word' id='word_1_430' title='bbox 822 3168 957 3224; x_wconf 85' lang='lat' dir='ltr'><strong>itinerum</strong></span> <span class='ocrx_word' id='word_1_431' title='bbox 977 3163 1133 3221; x_wconf 67' lang='lat' dir='ltr'><strong>terminus!</strong></span> <span class='ocrx_word' id='word_1_432' title='bbox 1172 3161 1252 3220; x_wconf 88' lang='lat' dir='ltr'><strong>Diod.</strong></span> <span class='ocrx_word' id='word_1_433' title='bbox 1268 3167 1308 3235; x_wconf 89' lang='grc'><strong>17,</strong></span> 
     </span>
     <span class='ocr_line' id='line_1_41' title="bbox 131 3234 1307 3308; baseline 0.007 -24"><span class='ocrx_word' id='word_1_434' title='bbox 131 3238 205 3300; x_wconf 86' lang='grc'>99,1</span> <span class='ocrx_word' id='word_1_435' title='bbox 226 3235 270 3288; x_wconf 87' lang='grc' dir='ltr'><strong>ὲπί</strong></span> <span class='ocrx_word' id='word_1_436' title='bbox 292 3234 343 3287; x_wconf 89' lang='grc' dir='ltr'>τὸν</span> <span class='ocrx_word' id='word_1_437' title='bbox 361 3236 476 3288; x_wconf 90' lang='grc' dir='ltr'>Ὕπανιν</span> <span class='ocrx_word' id='word_1_438' title='bbox 497 3239 640 3301; x_wconf 88' lang='grc' dir='ltr'>ποταμόν.</span> <span class='ocrx_word' id='word_1_439' title='bbox 676 3237 739 3293; x_wconf 82' lang='grc' dir='ltr'>Αιτ.</span> <span class='ocrx_word' id='word_1_440' title='bbox 757 3241 781 3305; x_wconf 82' lang='grc'><strong>5,</strong></span> <span class='ocrx_word' id='word_1_441' title='bbox 801 3246 845 3307; x_wconf 82' lang='grc'><strong>94,</strong></span> <span class='ocrx_word' id='word_1_442' title='bbox 865 3242 881 3292; x_wconf 88' lang='grc'><strong>8</strong></span> <span class='ocrx_word' id='word_1_443' title='bbox 904 3240 993 3297; x_wconf 82' lang='grc' dir='ltr'>αὐτὸς</span> <span class='ocrx_word' id='word_1_444' title='bbox 1015 3241 1045 3294; x_wconf 81' lang='grc' dir='ltr'><strong>δέ</strong></span> <span class='ocrx_word' id='word_1_445' title='bbox 1067 3237 1117 3292; x_wconf 80' lang='grc' dir='ltr'>ξύν</span> <span class='ocrx_word' id='word_1_446' title='bbox 1138 3242 1173 3305; x_wconf 74' lang='grc' dir='ltr'><strong>τῇ</strong></span> <span class='ocrx_word' id='word_1_447' title='bbox 1198 3243 1307 3308; x_wconf 76' lang='grc' dir='ltr'>στρατιᾷ</span> 
     </span>
     <span class='ocr_line' id='line_1_42' title="bbox 129 3304 1304 3378; baseline 0.008 -22"><span class='ocrx_word' id='word_1_448' title='bbox 129 3304 172 3356; x_wconf 85' lang='grc' dir='ltr'>ἐπί</span> <span class='ocrx_word' id='word_1_449' title='bbox 189 3305 241 3358; x_wconf 89' lang='grc' dir='ltr'>τὸν</span> <span class='ocrx_word' id='word_1_450' title='bbox 259 3305 376 3372; x_wconf 86' lang='grc' dir='ltr'>Ὗφαςιν</span> <span class='ocrx_word' id='word_1_451' title='bbox 393 3307 520 3372; x_wconf 88' lang='grc' dir='ltr'>ποταμὸν</span> <span class='ocrx_word' id='word_1_452' title='bbox 539 3311 709 3378; x_wconf 84' lang='grc' dir='ltr'>προύχώρει,</span> <span class='ocrx_word' id='word_1_453' title='bbox 730 3311 770 3362; x_wconf 91' lang='grc' dir='ltr'>ώς</span> <span class='ocrx_word' id='word_1_454' title='bbox 788 3315 832 3365; x_wconf 83' lang='grc' dir='ltr'><strong>καί</strong></span> <span class='ocrx_word' id='word_1_455' title='bbox 851 3312 919 3366; x_wconf 87' lang='grc' dir='ltr'>τοὺς</span> <span class='ocrx_word' id='word_1_456' title='bbox 937 3311 983 3363; x_wconf 84' lang='grc' dir='ltr'><strong>ἐπ’</strong></span> <span class='ocrx_word' id='word_1_457' title='bbox 1000 3311 1090 3364; x_wconf 80' lang='grc' dir='ltr'>ἐκεῖνα</span> <span class='ocrx_word' id='word_1_458' title='bbox 1106 3309 1207 3365; x_wconf 89' lang='grc' dir='ltr'>Ἰνδοὺς</span> <span class='ocrx_word' id='word_1_459' title='bbox 1224 3327 1304 3365; x_wconf 88' lang='grc' dir='ltr'>κατα-</span> 
     </span>
     <span class='ocr_line' id='line_1_43' title="bbox 129 3375 1301 3451; baseline 0.01 -23"><span class='ocrx_word' id='word_1_460' title='bbox 129 3377 283 3443; x_wconf 79' lang='grc' dir='ltr'>ςτρὲψαιτο.</span> <span class='ocrx_word' id='word_1_461' title='bbox 320 3375 510 3444; x_wconf 85' lang='lat' dir='ltr'><strong>Strab.15,1,</strong></span> <span class='ocrx_word' id='word_1_462' title='bbox 532 3385 564 3433; x_wconf 90' lang='grc'><strong>17</strong></span> <span class='ocrx_word' id='word_1_463' title='bbox 586 3399 612 3450; x_wconf 87' lang='grc' dir='ltr'><strong>ρ.</strong></span> <span class='ocrx_word' id='word_1_464' title='bbox 627 3386 677 3434; x_wconf 88' lang='grc'>691</span> <span class='ocrx_word' id='word_1_465' title='bbox 699 3383 794 3446; x_wconf 82' lang='grc' dir='ltr'>ἐπειδὴ</span> <span class='ocrx_word' id='word_1_466' title='bbox 816 3385 962 3447; x_wconf 81' lang='grc' dir='ltr'>καταβᾶςιν</span> <span class='ocrx_word' id='word_1_467' title='bbox 976 3381 1020 3434; x_wconf 86' lang='grc' dir='ltr'>ἐπί</span> <span class='ocrx_word' id='word_1_468' title='bbox 1038 3381 1089 3435; x_wconf 87' lang='grc' dir='ltr'>τὸν</span> <span class='ocrx_word' id='word_1_469' title='bbox 1105 3382 1242 3451; x_wconf 83' lang='grc' dir='ltr'>Ὑδύςπην</span> <span class='ocrx_word' id='word_1_470' title='bbox 1257 3387 1301 3440; x_wconf 88' lang='grc' dir='ltr'><strong>καί</strong></span> 
     </span>
     <span class='ocr_line' id='line_1_44' title="bbox 127 3447 1300 3518; baseline 0.009 -18"><span class='ocrx_word' id='word_1_471' title='bbox 127 3448 245 3513; x_wconf 89' lang='grc' dir='ltr'>νικὴςαςι</span> <span class='ocrx_word' id='word_1_472' title='bbox 267 3447 372 3515; x_wconf 80' lang='grc' dir='ltr'>Πῶρον</span> <span class='ocrx_word' id='word_1_473' title='bbox 399 3449 465 3502; x_wconf 84' lang='grc' dir='ltr'>ὁδὸς</span> <span class='ocrx_word' id='word_1_474' title='bbox 492 3451 529 3516; x_wconf 83' lang='grc' dir='ltr'>ἠν</span> <span class='ocrx_word' id='word_1_475' title='bbox 558 3455 601 3505; x_wconf 69' lang='lat' dir='ltr'><strong>tul</strong></span> <span class='ocrx_word' id='word_1_476' title='bbox 633 3453 685 3504; x_wconf 88' lang='grc' dir='ltr'>τὸν</span> <span class='ocrx_word' id='word_1_477' title='bbox 711 3452 832 3504; x_wconf 85' lang='grc' dir='ltr'>Ὕπανιν</span> <span class='ocrx_word' id='word_1_478' title='bbox 863 3453 932 3518; x_wconf 87' lang='grc' dir='ltr'>πρὸς</span> <span class='ocrx_word' id='word_1_479' title='bbox 962 3453 1000 3504; x_wconf 87' lang='grc' dir='ltr'><strong>ἕω</strong></span> <span class='ocrx_word' id='word_1_480' title='bbox 1028 3453 1152 3507; x_wconf 82' lang='grc' dir='ltr'>κάκεῖθεν</span> <span class='ocrx_word' id='word_1_481' title='bbox 1179 3455 1223 3508; x_wconf 85' lang='grc' dir='ltr'>ἐπί</span> <span class='ocrx_word' id='word_1_482' title='bbox 1249 3459 1300 3510; x_wconf 85' lang='grc' dir='ltr'>τὸν</span> 
     </span>
     <span class='ocr_line' id='line_1_45' title="bbox 129 3519 1300 3644; baseline 0.007 -72"><span class='ocrx_word' id='word_1_483' title='bbox 129 3519 265 3644; x_wconf 53' lang='grc' dir='ltr'>Ὑδάςπηῖ</span> <span class='ocrx_word' id='word_1_484' title='bbox 287 3521 369 3644; x_wconf 51' lang='grc' dir='ltr'>πβλιν</span> <span class='ocrx_word' id='word_1_485' title='bbox 391 3519 436 3588; x_wconf 86' lang='lat' dir='ltr'><strong>(cl.</strong></span> <span class='ocrx_word' id='word_1_486' title='bbox 457 3523 472 3584; x_wconf 62' lang='grc' dir='ltr'>ᾖ</span> <span class='ocrx_word' id='word_1_487' title='bbox 493 3525 527 3574; x_wconf 91' lang='grc'>70</span> <span class='ocrx_word' id='word_1_488' title='bbox 552 3521 624 3590; x_wconf 84' lang='lat' dir='ltr'><strong>‘ipse</strong></span> <span class='ocrx_word' id='word_1_489' title='bbox 643 3519 680 3574; x_wconf 88' lang='lat' dir='ltr'><strong>ad</strong></span> <span class='ocrx_word' id='word_1_490' title='bbox 703 3519 805 3574; x_wconf 89' lang='lat' dir='ltr'><strong>flumen</strong></span> <span class='ocrx_word' id='word_1_491' title='bbox 824 3520 952 3576; x_wconf 81' lang='lat' dir='ltr'><strong>Athesim</strong></span> <span class='ocrx_word' id='word_1_492' title='bbox 973 3521 1018 3591; x_wconf 82' lang='lat'><strong>[=</strong></span> <span class='ocrx_word' id='word_1_493' title='bbox 1032 3521 1192 3596; x_wconf 83' lang='lat' dir='ltr'><strong>Acesiuem]</strong></span> <span class='ocrx_word' id='word_1_494' title='bbox 1210 3542 1300 3580; x_wconf 87' lang='lat' dir='ltr'><strong>reuer-</strong></span> 
     </span>
     <span class='ocr_line' id='line_1_46' title="bbox 126 3595 348 3658; baseline 0.009 -16"><span class='ocrx_word' id='word_1_495' title='bbox 126 3605 230 3644; x_wconf 80' lang='lat' dir='ltr'><strong>sionem</strong></span> <span class='ocrx_word' id='word_1_496' title='bbox 261 3605 303 3644; x_wconf 79' lang='lat' dir='ltr'><strong>eor</strong></span> <span class='ocrx_word' id='word_1_497' title='bbox 330 3595 348 3658; x_wconf 93' lang='lat'><strong>).</strong></span> 
     </span>
    </p>
   </div>
   <div class='ocr_carea' id='block_1_8' title="bbox 127 3669 1299 3810">
    <p class='ocr_par' dir='ltr' id='par_1_10' title="bbox 127 3669 1299 3810">
     <span class='ocr_line' id='line_1_47' title="bbox 217 3669 1299 3742; baseline 0.007 -18"><span class='ocrx_word' id='word_1_498' title='bbox 217 3670 279 3738; x_wconf 85' lang='lat' dir='ltr'><strong>‘qui</strong></span> <span class='ocrx_word' id='word_1_499' title='bbox 297 3669 370 3724; x_wconf 88' lang='lat' dir='ltr'><strong>fluit’</strong></span> <span class='ocrx_word' id='word_1_500' title='bbox 396 3671 426 3724; x_wconf 86' lang='lat' dir='ltr'><strong>et</strong></span> <span class='ocrx_word' id='word_1_501' title='bbox 450 3686 521 3740; x_wconf 85' lang='lat' dir='ltr'><strong>quae</strong></span> <span class='ocrx_word' id='word_1_502' title='bbox 541 3671 684 3742; x_wconf 87' lang='lat' dir='ltr'><strong>secuntur]</strong></span> <span class='ocrx_word' id='word_1_503' title='bbox 709 3671 797 3725; x_wconf 85' lang='lat' dir='ltr'><strong>uerba</strong></span> <span class='ocrx_word' id='word_1_504' title='bbox 814 3671 911 3741; x_wconf 84' lang='lat' dir='ltr'><strong>aperte</strong></span> <span class='ocrx_word' id='word_1_505' title='bbox 930 3670 1032 3728; x_wconf 86' lang='lat' dir='ltr'><strong>uitiosa</strong></span> <span class='ocrx_word' id='word_1_506' title='bbox 1053 3687 1088 3728; x_wconf 87' lang='lat' dir='ltr'><strong>ex</strong></span> <span class='ocrx_word' id='word_1_507' title='bbox 1108 3689 1172 3728; x_wconf 85' lang='lat' dir='ltr'><strong>mea</strong></span> <span class='ocrx_word' id='word_1_508' title='bbox 1194 3676 1299 3732; x_wconf 83' lang='lat' dir='ltr'><strong>coniec-</strong></span> 
     </span>
     <span class='ocr_line' id='line_1_48' title="bbox 127 3739 710 3810; baseline 0.003 -16"><span class='ocrx_word' id='word_1_509' title='bbox 127 3743 190 3794; x_wconf 87' lang='lat' dir='ltr'><strong>tura</strong></span> <span class='ocrx_word' id='word_1_510' title='bbox 207 3739 393 3810; x_wconf 84' lang='lat' dir='ltr'><strong>conlormaui,</strong></span> <span class='ocrx_word' id='word_1_511' title='bbox 412 3741 533 3797; x_wconf 86' lang='lat' dir='ltr'><strong>fortasse</strong></span> <span class='ocrx_word' id='word_1_512' title='bbox 551 3741 710 3796; x_wconf 86' lang='lat' dir='ltr'><strong>audentius.</strong></span> 
     </span>
    </p>
   </div>
   <div class='ocr_carea' id='block_1_9' title="bbox 126 3820 1298 3961">
    <p class='ocr_par' dir='ltr' id='par_1_11' title="bbox 126 3820 1298 3961">
     <span class='ocr_line' id='line_1_49' title="bbox 126 3820 1298 3946; baseline 0.009 -74"><span class='ocrx_word' id='word_1_513' title='bbox 126 3889 160 3945; x_wconf 61' lang='lat' dir='ltr'><strong>de</strong></span> <span class='ocrx_word' id='word_1_514' title='bbox 214 3820 305 3946; x_wconf 51' lang='lat' dir='ltr'><strong>aptasti}</strong></span> <span class='ocrx_word' id='word_1_515' title='bbox 333 3837 384 3889; x_wconf 88' lang='lat' dir='ltr'><strong>per</strong></span> <span class='ocrx_word' id='word_1_516' title='bbox 408 3820 606 3892; x_wconf 81' lang='lat' dir='ltr'><strong>compendium</strong></span> <span class='ocrx_word' id='word_1_517' title='bbox 637 3821 772 3890; x_wconf 87' lang='lat' dir='ltr'><strong>scriplum</strong></span> <span class='ocrx_word' id='word_1_518' title='bbox 800 3825 866 3877; x_wconf 89' lang='lat' dir='ltr'><strong>ante</strong></span> <span class='ocrx_word' id='word_1_519' title='bbox 891 3821 1049 3892; x_wconf 83' lang='lat' dir='ltr'><strong>‘oppidum&#39;</strong></span> <span class='ocrx_word' id='word_1_520' title='bbox 1077 3823 1161 3879; x_wconf 76' lang='lat' dir='ltr'><strong>facile</strong></span> <span class='ocrx_word' id='word_1_521' title='bbox 1187 3825 1298 3883; x_wconf 88' lang='lat' dir='ltr'><strong>interci-</strong></span> 
     </span>
     <span class='ocr_line' id='line_1_50' title="bbox 162 3907 312 3961; baseline 0 -17"><span class='ocrx_word' id='word_1_522' title='bbox 162 3907 191 3945; x_wconf 89' lang='lat' dir='ltr'><strong>re</strong></span> <span class='ocrx_word' id='word_1_523' title='bbox 209 3908 247 3961; x_wconf 90' lang='lat' dir='ltr'><strong>po</strong></span> <span class='ocrx_word' id='word_1_524' title='bbox 261 3909 312 3945; x_wconf 88' lang='lat' dir='ltr'><strong>m.</strong></span> 
     </span>
    </p>
   </div>
   <div class='ocr_carea' id='block_1_10' title="bbox 125 3969 1352 4250">
    <p class='ocr_par' dir='ltr' id='par_1_12' title="bbox 126 3969 1352 4112">
     <span class='ocr_line' id='line_1_51' title="bbox 214 3969 1352 4044; baseline 0.008 -20"><span class='ocrx_word' id='word_1_525' title='bbox 214 3969 283 4024; x_wconf 78' lang='lat' dir='ltr'><strong>Alta</strong></span> <span class='ocrx_word' id='word_1_526' title='bbox 302 3971 402 4044; x_wconf 88' lang='lat' dir='ltr'><strong>Sacra]</strong></span> <span class='ocrx_word' id='word_1_527' title='bbox 429 3969 549 4028; x_wconf 87' lang='lat' dir='ltr'><strong>coniecit</strong></span> <span class='ocrx_word' id='word_1_528' title='bbox 566 3971 763 4028; x_wconf 84' lang='lat' dir='ltr'><strong>Reitaenstein.</strong></span> <span class='ocrx_word' id='word_1_529' title='bbox 800 3973 855 4028; x_wconf 89' lang='lat' dir='ltr'><strong>hoc</strong></span> <span class='ocrx_word' id='word_1_530' title='bbox 878 3973 1011 4044; x_wconf 88' lang='lat' dir='ltr'><strong>oppidum</strong></span> <span class='ocrx_word' id='word_1_531' title='bbox 1036 3973 1065 4030; x_wconf 89' lang='lat' dir='ltr'><strong>in</strong></span> <span class='ocrx_word' id='word_1_532' title='bbox 1090 3975 1187 4032; x_wconf 84' lang='lat' dir='ltr'><strong>dextra</strong></span> <span class='ocrx_word' id='word_1_533' title='bbox 1213 3978 1261 4032; x_wconf 90' lang='lat' dir='ltr'><strong>llu-</strong></span> <span class='ocrx_word' id='word_1_534' title='bbox 1285 3991 1352 4044; x_wconf 72' lang='grc' dir='ltr'><strong>ωηο</strong></span> 
     </span>
     <span class='ocr_line' id='line_1_52' title="bbox 126 4039 651 4112; baseline 0.004 -16"><span class='ocrx_word' id='word_1_535' title='bbox 126 4039 209 4096; x_wconf 82' lang='lat' dir='ltr'><strong>ruinis</strong></span> <span class='ocrx_word' id='word_1_536' title='bbox 227 4043 292 4112; x_wconf 87' lang='lat' dir='ltr'><strong>ripa</strong></span> <span class='ocrx_word' id='word_1_537' title='bbox 311 4043 398 4098; x_wconf 84' lang='lat' dir='ltr'><strong>situm</strong></span> <span class='ocrx_word' id='word_1_538' title='bbox 416 4043 502 4098; x_wconf 81' lang='lat' dir='ltr'><strong>luisse</strong></span> <span class='ocrx_word' id='word_1_539' title='bbox 521 4041 651 4098; x_wconf 80' lang='lat' dir='ltr'><strong>conicias.</strong></span> 
     </span>
    </p>

    <p class='ocr_par' dir='ltr' id='par_1_13' title="bbox 125 4121 1298 4250">
     <span class='ocr_line' id='line_1_53' title="bbox 214 4121 1298 4200; baseline 0.007 -24"><span class='ocrx_word' id='word_1_540' title='bbox 214 4121 278 4178; x_wconf 86' lang='lat' dir='ltr'><strong>fluit</strong></span> <span class='ocrx_word' id='word_1_541' title='bbox 298 4163 372 4180; x_wconf 91' lang='lat'><strong>....</strong></span> <span class='ocrx_word' id='word_1_542' title='bbox 392 4122 557 4196; x_wconf 81' lang='lat' dir='ltr'><strong>latitudine]</strong></span> <span class='ocrx_word' id='word_1_543' title='bbox 574 4121 646 4180; x_wconf 79' lang='lat' dir='ltr'><strong>Plim</strong></span> <span class='ocrx_word' id='word_1_544' title='bbox 669 4129 693 4194; x_wconf 83' lang='grc'><strong>9,</strong></span> <span class='ocrx_word' id='word_1_545' title='bbox 712 4127 746 4177; x_wconf 73' lang='lat' dir='ltr'><strong>ot</strong></span> <span class='ocrx_word' id='word_1_546' title='bbox 766 4122 907 4194; x_wconf 80' lang='lat' dir='ltr'><strong>(Gangen)</strong></span> <span class='ocrx_word' id='word_1_547' title='bbox 927 4124 1022 4182; x_wconf 82' lang='lat' dir='ltr'><strong>‘fluere</strong></span> <span class='ocrx_word' id='word_1_548' title='bbox 1041 4125 1093 4182; x_wconf 87' lang='lat' dir='ltr'><strong>Vll</strong></span> <span class='ocrx_word' id='word_1_549' title='bbox 1111 4127 1220 4184; x_wconf 86' lang='lat' dir='ltr'><strong>milium</strong></span> <span class='ocrx_word' id='word_1_550' title='bbox 1237 4147 1298 4200; x_wconf 85' lang='lat' dir='ltr'><strong>pas-</strong></span> 
     </span>
     <span class='ocr_line' id='line_1_54' title="bbox 125 4193 399 4250; baseline 0 -2"><span class='ocrx_word' id='word_1_551' title='bbox 125 4211 204 4248; x_wconf 87' lang='lat' dir='ltr'><strong>suum</strong></span> <span class='ocrx_word' id='word_1_552' title='bbox 224 4193 399 4250; x_wconf 64' lang='lat' dir='ltr'><strong>latitudine!</strong></span> 
     </span>
    </p>
   </div>
   <div class='ocr_carea' id='block_1_11' title="bbox 126 4273 1299 4402">
    <p class='ocr_par' dir='ltr' id='par_1_14' title="bbox 126 4273 1299 4402">
     <span class='ocr_line' id='line_1_55' title="bbox 217 4273 1299 4350; baseline 0.006 -21"><span class='ocrx_word' id='word_1_553' title='bbox 217 4274 375 4330; x_wconf 89' lang='lat' dir='ltr'><strong>stadiomm</strong></span> <span class='ocrx_word' id='word_1_554' title='bbox 396 4273 445 4346; x_wconf 89' lang='lat' dir='ltr'><strong>vl]</strong></span> <span class='ocrx_word' id='word_1_555' title='bbox 472 4275 506 4330; x_wconf 85' lang='lat' dir='ltr'><strong>ol.</strong></span> <span class='ocrx_word' id='word_1_556' title='bbox 530 4273 611 4330; x_wconf 85' lang='lat' dir='ltr'><strong>Diod.</strong></span> <span class='ocrx_word' id='word_1_557' title='bbox 638 4277 776 4343; x_wconf 85' lang='grc'>17,99,1</span> <span class='ocrx_word' id='word_1_558' title='bbox 801 4275 929 4344; x_wconf 86' lang='grc' dir='ltr'>Ὕπανις,</span> <span class='ocrx_word' id='word_1_559' title='bbox 954 4277 987 4332; x_wconf 90' lang='grc' dir='ltr'><strong>ού</strong></span> <span class='ocrx_word' id='word_1_560' title='bbox 1009 4277 1043 4333; x_wconf 79' lang='grc' dir='ltr'><strong>τὸ</strong></span> <span class='ocrx_word' id='word_1_561' title='bbox 1066 4279 1116 4344; x_wconf 78' lang='grc' dir='ltr'>μὲν</span> <span class='ocrx_word' id='word_1_562' title='bbox 1138 4281 1240 4336; x_wconf 83' lang='grc' dir='ltr'>πλάτος</span> <span class='ocrx_word' id='word_1_563' title='bbox 1262 4283 1299 4350; x_wconf 79' lang='grc' dir='ltr'>ἠν</span> 
     </span>
     <span class='ocr_line' id='line_1_56' title="bbox 126 4345 343 4402; baseline 0 0"><span class='ocrx_word' id='word_1_564' title='bbox 126 4345 245 4402; x_wconf 85' lang='grc' dir='ltr'>ςταδίων</span> <span class='ocrx_word' id='word_1_565' title='bbox 264 4347 343 4402; x_wconf 84' lang='grc' dir='ltr'>ἑπτά.</span> 
     </span>
    </p>
   </div>
   <div class='ocr_carea' id='block_1_12' title="bbox 217 4424 578 4499">
    <p class='ocr_par' dir='ltr' id='par_1_15' title="bbox 217 4424 578 4499">
     <span class='ocr_line' id='line_1_57' title="bbox 217 4424 578 4499; baseline 0 -17"><span class='ocrx_word' id='word_1_566' title='bbox 217 4424 311 4499; x_wconf 88' lang='lat' dir='ltr'><strong>milis]</strong></span> <span class='ocrx_word' id='word_1_567' title='bbox 331 4425 434 4496; x_wconf 89' lang='lat' dir='ltr'><strong>deleni,</strong></span> <span class='ocrx_word' id='word_1_568' title='bbox 452 4428 488 4482; x_wconf 84' lang='lat' dir='ltr'><strong>ef.</strong></span> <span class='ocrx_word' id='word_1_569' title='bbox 507 4431 578 4494; x_wconf 67' lang='lat' dir='ltr'><strong>file.</strong></span> 
     </span>
    </p>
   </div>
   <div class='ocr_carea' id='block_1_13' title="bbox 0 0 1512 4922">
    <p class='ocr_par' dir='ltr' id='par_1_16' title="bbox 0 0 1512 4922">
     <span class='ocr_line' id='line_1_58' title="bbox 0 0 1512 4922; baseline 0 3"><span class='ocrx_word' id='word_1_570' title='bbox 0 0 1512 4922; x_wconf 95' lang='lat' dir='ltr'><strong> </strong></span> 
     </span>
    </p>
   </div>
  </div>
 </body>
</html>
