3014 4922
196 249 349 304 Alexandri
364 247 464 318 Magni
477 247 638 304 Macedouis
652 248 793 318 epitomae
807 263 900 303 rerum
914 249 1056 318 gestarum
1069 247 1142 305 liber
1156 249 1189 306 ΙΙ.
1238 251 1301 314 113

134 423 192 494 est,
216 419 357 480 Roxanen
380 437 504 478 uxorem
523 419 697 492 ceterosque
716 417 827 476 amicos
846 436 864 476 a
883 417 1018 476 cubiculo
1036 417 1121 477 iubet
1138 418 1286 493 recedere,
1304 411 1359 467 101

98 529 103 536 ·
135 529 191 588 quo
211 508 331 568 facilius
354 508 420 583 ipse
443 507 596 584 quiescere
618 510 729 582 posset.
770 505 824 564 ubi
847 506 1000 565 silentium
1020 525 1085 566 esse
1105 506 1211 582 sensit,
1235 507 1308 582 ipse,

135 603 167 658 ut
189 598 300 674 potuit,
325 595 493 656 exsurrexit
515 598 547 655 et
571 595 672 653 lumen
698 594 831 655 extinxit.
869 593 975 654 deinde
996 596 1165 671 quadrupes
1188 595 1307 673 ostium,

135 686 214 763 quod
232 685 271 744 ad
290 685 401 743 flumen
421 684 605 759 Euphratem
625 683 738 743 exitum
757 682 895 758 habebat,
916 683 1034 758 aperuit
1055 715 1093 725 -
1115 701 1185 742 nam
1203 683 1235 741 id
1253 685 1307 742 flu-

133 795 200 835 men
219 793 274 849 per
292 773 423 832 medium
442 773 585 849 oppidum
607 772 675 830 fluit
697 803 741 812 -
764 789 798 830 ac
821 773 959 846 protinus
985 790 1162 848 progressus
1187 772 1309 832 interim
1349 796 1361 836 5

133 862 273 939 respexit
321 861 398 921 uidit
421 861 561 921 Roxanen
590 879 714 920 uxorem
739 863 914 920 currentem.
956 861 1136 939 conquieuit,
1161 864 1197 921 ut
1218 880 1253 922 ea
1275 879 1307 921 se

132 955 236 1028 posset
255 950 427 1027 praeterire.
465 952 499 1009 at
515 949 570 1009 illa
588 949 639 1008 ubi
658 949 694 1008 ad
713 949 825 1008 lectum
844 949 939 1022 uenit,
959 952 1037 1023 tum,
1059 950 1200 1027 quoniam
1219 969 1288 1010 eum
1302 957 1360 1014 lca

132 1059 191 1102 non
218 1039 337 1098 inuenit
361 1039 532 1115 ostiumque
557 1042 665 1115 pateus
691 1036 776 1110 uidit,
799 1042 910 1097 nancta
933 1058 985 1113 per
1004 1039 1143 1099 tenebras
1161 1040 1308 1116 gemitum

132 1129 233 1190 flentis
260 1144 503 1204 prosequensque
528 1146 610 1201 eum,
635 1145 702 1185 cum
728 1129 852 1202 repente
877 1126 1081 1186 Alexandrum
1105 1126 1252 1188 iacentem
1277 1129 1309 1187 in

132 1223 214 1278 terra
233 1216 450 1292 conspexisset,
473 1235 541 1275 eum
559 1216 696 1291 amplexa
714 1216 788 1274 fleus
808 1215 963 1276 alleuauit.
1003 1215 1055 1274 ille
1079 1234 1111 1274 se
1130 1218 1161 1275 in
1180 1235 1246 1276 eam
1264 1219 1308 1276 in·
1335 1237 1362 1276 ιο

132 1307 203 1366 iecit·
225 1308 258 1366 et
281 1305 332 1363 uix
354 1304 474 1364 locutus
497 1307 556 1364 est:
586 1297 615 1362 ‘o
635 1304 768 1379 Roxane,
791 1323 919 1380 paruum
937 1303 1069 1363 fructum
1088 1322 1156 1363 cum
1174 1305 1230 1365 tibi
1248 1307 1307 1365 lar-

130 1395 218 1472 giris,
237 1393 312 1452 mihi
330 1393 578 1452 inmortalitatem
597 1383 606 1472 Η
624 1392 769 1452 ademisti.
803 1392 855 1453 sed
873 1411 955 1466 caue,
973 1411 1010 1450 ex
1024 1395 1054 1452 te
1069 1393 1125 1453 hoc
1138 1393 1217 1469 quis·
1235 1401 1245 1459 l
1254 1404 1294 1446 101.
1304 1398 1361 1447 114⁸

132 1501 222 1560 quam
248 1475 371 1541 audiat.’
409 1481 453 1540 ita
475 1499 511 1540 ea
533 1481 678 1540 adiutrice
701 1482 783 1540 nisus
806 1481 838 1539 in
861 1482 1030 1540 cubiculum
1055 1482 1142 1542 redit.
1180 1485 1212 1542 at
1236 1483 1361 1549 ubilos

132 1571 254 1648 diluxit,
279 1570 370 1630 iussit
393 1570 432 1628 ad
452 1587 484 1629 se
502 1570 604 1630 uocari
622 1569 803 1647 Perdiccam,
823 1568 947 1638 Olciam.
966 1570 1187 1647 Lysimachum,
1204 1571 1306 1632 Ptolo·

98 1709 105 1722 .
133 1679 253 1720 maeum
271 1659 377 1734 hisque
395 1658 564 1734 interdixit,
585 1661 619 1717 ut
637 1677 674 1717 ne
693 1677 780 1734 quem
799 1659 925 1719 introire
943 1659 982 1718 ad
1001 1677 1033 1718 se
1050 1661 1235 1737 paterentur,
1254 1661 1306 1721 dc·
1334 1681 1361 1722 15

133 1767 187 1808 nec
200 1749 276 1825 ipse,
295 1765 371 1824 quae
385 1747 541 1823 uoluisset,
561 1747 689 1806 fecisset.
722 1747 767 1805 illi
781 1747 926 1807 exierunt.
958 1749 1023 1824 ipse
1038 1747 1257 1825 Hermogenem
1276 1752 1307 1808 et

133 1837 312 1898 Combalum
337 1855 445 1910 pueros
469 1835 652 1910 impuberes,
676 1835 805 1895 alterum
824 1837 861 1894 ad
880 1838 1095 1895 testamentum
1117 1837 1306 1896 scribendum

132 1927 263 1985 alterum
282 1924 320 1984 ad
336 1924 439 1984 lumen
452 1924 618 1984 curandum
631 1923 764 1983 retinuit.
792 1925 836 1982 ita
850 1923 930 1983 diem
943 1927 975 1983 et
987 1927 1106 1984 noctem
1120 1926 1303 1984 testamento

132 2013 288 2074 scribendo
307 2013 499 2088 consumpsit.
542 2012 661 2072 interim
685 2013 716 2070 in
740 2012 872 2072 exercitu
896 2013 1008 2072 clamor
1031 2014 1062 2071 et
1085 2013 1192 2072 seditio
1217 2016 1357 2076 orta104

132 2105 178 2164 est
195 2101 330 2162 minante
349 2119 381 2160 se
400 2120 459 2178 eos,
473 2101 527 2176 qui
541 2101 650 2160 circum
664 2119 767 2177 regem
781 2104 891 2178 essent,
904 2101 1125 2178 interfecturos,
1142 2101 1201 2161 nisi
1215 2101 1304 2162 Alex·
1333 2121 1360 2162 ao

132 2191 344 2266 audriccrpus
363 2190 603 2265 inconspectum
622 2190 758 2268 daretur,
781 2209 936 2250 cumeum
962 2193 1114 2250 mortuum
1137 2190 1229 2252 celari
1250 2211 1304 2267 pu·

132 2283 240 2340 tarent
283 2278 386 2354 itaque
404 2278 443 2337 ad
465 2278 580 2357 regium
602 2296 762 2339 concursus
787 2282 853 2339 erat
875 2279 1022 2339 maximus
1047 2278 1144 2340 factus
1169 2299 1237 2340 cum
1260 2284 1305 2340 tu-

131 2368 237 2428 multu.
266 2366 319 2426 ubi
333 2365 502 2426 Alexander
516 2367 641 2441 audiuit,
660 2372 853 2443 percontatus
869 2371 924 2446 eat,
943 2368 1014 2444 quid
1028 2373 1115 2428 esset.
1149 2370 1221 2428 tunc
1236 2370 1306 2428 Per·

131 2457 228 2516 diceas
242 2454 438 2514 Macedonum
458 2455 656 2532 suspicionem
674 2461 706 2516 et
723 2475 899 2518 concursum
917 2457 1099 2517 denarrauit.
1131 2456 1302 2516 Alexander
1332 2477 1359 2517 su

131 2545 219 2604 iussit
233 2563 265 2604 se
279 2543 408 2621 proferri
421 2547 452 2602 et
465 2545 496 2602 in
510 2544 627 2604 excelso
640 2545 705 2605 loco
719 2547 798 2621 poni,
816 2547 860 2605 ita
873 2546 920 2604 uti
933 2545 1096 2604 multitudo
1110 2546 1283 2606 intromissa
1299 2553 1357 2610 105

130 2652 184 2709 per
207 2633 335 2692 alteram
355 2635 472 2708 portam
497 2633 596 2692 emitti
618 2636 728 2709 posset.
747 2627 755 2714 l,
778 2635 857 2692 huuc
879 2634 990 2693 milites
1012 2633 1204 2692 centuriatim
1231 2641 1241 2698 l
1249 2644 1289 2688 fou
1300 2639 1352 2686 114r

131 2721 297 2782 uisitabast
315 2739 383 2780 cum
401 2721 527 2797 singulis
546 2722 654 2781 tunicis
673 2722 840 2782 intromissi·
859 2721 1108 2798 lacrimantesque
1132 2740 1201 2780 eum
1226 2722 1304 2781 salu·

131 2811 245 2870 tabant
279 2808 385 2870 deiude
404 2809 499 2868 altero
517 2811 595 2869 ostio
614 2811 694 2870 foras
713 2811 841 2871 exibant.
873 2811 926 2868 ille
945 2828 1048 2870 omnes
1062 2829 1152 2869 manu
1167 2827 1202 2868 ac
1215 2812 1302 2888 nutu,

131 2901 236 2973 utpote
256 2899 308 2974 qui
326 2897 386 2955 iam
405 2897 438 2956 in
451 2901 583 2958 extremo
597 2899 678 2958 uitae
692 2899 751 2958 fine
766 2902 846 2959 esset
859 2917 955 2975 neque
969 2899 1053 2974 loqui
1066 2900 1176 2975 posset,
1191 2898 1302 2958 tacitus

131 2986 295 3046 salutabat.
327 2985 406 3044 iuter
424 2987 479 3047 hos
498 2986 621 3064 quidam
634 2986 821 3048 Peuculanus
897 2991 988 3047 natus
1007 2991 1077 3048 ante
1096 3006 1165 3047 eum
1184 2987 1303 3047 adstitit
1330 3009 1357 3048 so

131 3074 292 3136 lacrimans
311 3076 342 3133 et
360 3075 415 3134 ait:
443 3067 473 3133 ‘o
493 3069 674 3135 Alexander'
693 3076 793 3153 inquit
811 3069 910 3154 ‘pater
929 3081 1000 3138 tuus
1019 3096 1072 3136 rex
1089 3076 1149 3136 fuit
1168 3077 1304 3136 Macedo·

133 3164 200 3224 niae
218 3161 410 3238 utilissimus,
433 3163 484 3240 qui
502 3167 704 3240 campartem
826 3165 961 3224 laudium
985 3166 1134 3242 extulisti,
1157 3168 1193 3224 ut
1215 3165 1305 3224 deum

130 3251 258 3328 gloriam
272 3269 427 3326 aequares.
454 3270 533 3311 nuuc
551 3247 703 3328 quoniam'
723 3254 821 3330 inquit
840 3248 886 3314 ‘tu
905 3273 959 3314 nos
974 3255 1135 3332 relinques,
1153 3257 1184 3313 et
1197 3272 1304 3313 nomen

131 3339 248 3416 patriae
266 3341 298 3398 et
317 3357 418 3400 omnes
433 3342 607 3400 Macedones
626 3342 789 3418 perierunt.
809 3344 882 3404 utile
898 3347 945 3404 est
957 3343 1054 3420 igitur
1068 3343 1205 3404 omnibus
1218 3341 1305 3400 nobis

131 3433 231 3489 tecum
250 3446 310 3487 una
329 3422 424 3490 mori.'
453 3447 490 3489 ea
506 3429 559 3488 ubi
579 3430 662 3504 dixit,
682 3433 851 3492 Alexander
870 3432 1098 3493 conlacrimauit
1115 3433 1146 3491 et
1164 3448 1285 3488 manum
1301 3437 1358 3493 106

133 3515 302 3577 Macedonis
322 3517 521 3593 apprehendit
538 3521 570 3578 et
588 3522 754 3595 conpressit
767 3520 946 3597 significans,
965 3522 1002 3578 ut
1015 3519 1116 3578 animo
1131 3518 1203 3577 lorti
1218 3519 1304 3576 esset
1332 3539 1359 3579 ss

132 3611 290 3682 postquam
301 3623 403 3665 omnes
418 3606 528 3665 milites
543 3607 728 3669 transierunt
741 3611 773 3668 et
786 3610 818 3667 in
832 3607 1003 3668 cubiculum
1017 3607 1132 3666 relatus
1146 3609 1201 3679 est,
1217 3605 1306 3665 iussit

132 3693 303 3754 Perdiccam
323 3697 497 3772 ceterosque
516 3695 596 3757 intro
614 3697 724 3757 uocari.
756 3697 857 3757 Olciae
876 3697 1092 3757 testamentum
1111 3697 1146 3753 ut
1165 3693 1223 3754 sibi
1238 3712 1306 3770 per-

220 3849 234 3898 1
254 3861 378 3914 prexane
450 3851 466 3900 8
484 3847 634 3917 quadripes
650 3848 655 3916 Ι
670 3847 794 3902 hostium
858 3852 874 3901 t
890 3861 1044 3916 prouexem
1060 3843 1066 3912 Ι
1081 3860 1144 3900 eam
1159 3847 1165 3918 1
1181 3845 1223 3916 se]
1244 3843 1269 3898 si

130 3913 335 3986 ipraeteriret
403 3918 620 3998 phoebumque
693 3919 831 3992 arentis]
851 3919 932 3982 ileum
956 3933 1027 3973 corr.
1047 3914 1111 3969 Keil
1189 3920 1221 3970 11
1261 3932 1304 3970 ro-

129 4004 217 4043 uaxae
274 3991 307 4040 14
318 3984 424 4041 deluxit
449 3987 799 4072 hiclciamlptbclomeum
841 3993 888 4070 ‘lt
898 4002 933 4040 ne
943 3985 1042 4058 quem]
1051 4001 1142 4070 neque
1198 3935 1305 4070 luher-

129 4073 279 4200 Aboffieet
332 4063 366 4182 Ad
380 4058 503 4202 ddrrttdm]
518 4058 1305 4211 padiennn]llngdatseetasi)oiiiliiigttibbnidiirdtfflmiiebisi-

129 4198 242 4268 tabant]
262 4195 436 4268 salutabant3
457 4217 525 4256 corr.
541 4201 731 4255 Reitzenstein
803 4205 837 4255 as
857 4202 926 4255 nuto
1000 4203 1036 4254 ss
1051 4202 1083 4255 nt
1103 4200 1162 4270 otc]
1182 4201 1214 4254 ut
1227 4199 1306 4280 pote·

129 4273 186 4336 rat;
213 4285 283 4324 corr.
303 4269 490 4328 Reimenatein
510 4275 515 4338 Ι
539 4271 634 4398 loqui}
653 4269 684 4326 id
702 4269 763 4342 qui3
787 4268 940 4326 cernhel!
1028 4273 1064 4325 80
1133 4285 1215 4326 unam
1234 4267 1306 4322 rudi-

129 4340 192 4468 οἳ
276 4342 491 4466 δέἓὴμιιιιρᾶω
515 4341 614 4398 interci
635 4345 745 4412 erunt!
774 4339 912 4410 laudium]
937 4342 1061 4410 ladium3
1087 4357 1156 4398 corr.
1180 4340 1306 4396 Reitzen-

130 4429 202 4468 sm
350 4427 377 4466 ιο
391 4429 450 4468 crae
