3014 4922
198 294 241 359 96
279 293 452 366 O.Wagner=
468 294 619 350 Alexandri
633 293 729 366 Magni
743 294 901 350 Macedonis
915 293 983 362 epit.
994 309 1085 347 rerum
1100 293 1240 364 gestarum
1255 291 1303 347 lib.
1314 293 1347 347 ΙΙ.

199 464 298 539 quoad
317 464 419 523 inuida
437 465 501 523 fata
519 481 587 522 eum
602 463 688 523 nobis
704 465 909 539 seruauerunt,
927 463 959 521 in
974 461 1110 521 manibus
1125 479 1189 521 esse
1204 461 1371 538 gaudemus

197 553 354 631 magisque
372 552 578 628 gaudebimus,
599 553 624 611 si
643 552 690 611 eui
710 552 775 611 uiro
794 552 938 627 ampliore
958 550 1094 610 doctrina
1112 553 1216 611 ornato
1235 549 1368 626 eontige-

195 641 253 717 rit,
272 646 307 701 ut
325 641 411 700 nouis
429 640 663 716 melioribusque
682 640 823 700 subsidiis
842 640 954 700 eritieis
973 639 1093 699 adiutus
1113 640 1258 715 epitomes
1276 641 1372 699 uerba

197 730 402 789 emendatiora
428 732 458 788 et
483 728 659 806 integriora,
683 747 772 806 quam
795 748 813 788 a
835 729 921 789 nobis
944 729 1026 788 edita
1049 730 1128 806 sunt,
1156 730 1329 804 repraesent
1348 730 1370 787 t.

196 835 274 892 quse
293 817 330 876 de
348 817 464 877 dioendi
484 819 697 878 cousuetudine
716 817 771 878 hoe
789 819 853 878 loeo
872 818 1007 893 proferre
1024 835 1197 893 possumus,
1221 817 1253 875 in
1271 820 1371 893 posue

197 925 264 964 rum
284 906 454 981 seponenda
479 925 545 966 esse
567 907 748 982 putauimus.
792 926 888 984 neque
913 914 1015 965 tamen
1040 906 1096 964 bae
1120 906 1307 981 praefatione
1333 906 1372 964 ad

197 994 287 1052 finem
306 995 452 1070 perducta
469 995 568 1055 faeere
586 1014 717 1070 pessum,
742 995 813 1073 quin
832 997 887 1054 hoo
909 995 973 1055 loeo
997 1013 1064 1054 eum
1084 993 1233 1053 Guilelmo
1253 993 1371 1053 Krollio

199 1101 274 1159 quas
293 1102 347 1158 per
365 1083 483 1143 litteras
503 1083 552 1161 egi
570 1085 684 1162 gratias
702 1084 823 1161 publiee
843 1102 961 1162 quoque
979 1083 1130 1160 profitear,
1155 1081 1239 1142 euius
1263 1083 1372 1142 libera·

197 1171 284 1230 litate
310 1172 423 1231 suetum
449 1175 508 1250 est,
534 1175 568 1232 ut
591 1174 682 1233 uerba
705 1173 789 1232 tertii
812 1172 883 1231 libri
906 1171 1237 1232 Pseudo-Callisthenis
1261 1171 1330 1230 inde
1353 1191 1372 1230 a

198 1260 296 1335 eapite
315 1259 467 1321 tricesimo
486 1262 523 1321 ad
542 1261 631 1321 fidem
649 1261 718 1320 libri
739 1260 868 1321 Parisini
885 1261 990 1320 littera
1007 1260 1035 1319 A
1053 1261 1145 1335 uulgo
1169 1259 1281 1336 signati
1304 1279 1372 1319 oum

199 1352 334 1408 extrema
352 1350 497 1425 epitomes
516 1352 602 1425 parte
617 1351 752 1409 conferre
766 1368 893 1428 possem,
911 1353 976 1408 tum
991 1349 1106 1426 gratias
1121 1366 1211 1424 quam
1225 1348 1372 1408 maximas

197 1454 285 1512 agam
306 1437 439 1497 Brunoni
454 1438 522 1497 Keil
535 1438 663 1497 Rieardo
678 1437 880 1497 Reitzenstein
894 1436 1034 1496 Eduardo
1050 1436 1209 1511 Schwartz,
1229 1437 1280 1513 qui
1295 1456 1372 1514 quae

198 1524 235 1581 ad
255 1524 348 1582 uerba
371 1525 516 1599 epitomes
541 1529 572 1585 et
595 1525 779 1585 emendanda
802 1528 833 1585 et
852 1527 1039 1602 explananda
1058 1527 1143 1587 doute
1169 1528 1200 1585 et
1224 1525 1374 1601 sagaeiter

198 1612 446 1687 excogitauemnt
464 1614 673 1691 liberalissime
692 1632 809 1674 meeum
828 1614 1121 1674 communicauerint.
