3014 4922
164 238 321 295 Alexandri
335 239 433 309 Magni
448 238 609 295 Macedonis
623 237 763 308 epitomas
778 241 1027 310 rerumgestarum
1042 239 1114 296 liber
1128 242 1161 298 Il.
1211 243 1274 306 103

88 409 180 468 ribus
205 409 269 468 tela
291 408 449 469 tormentis
473 407 623 468 concitata
646 408 677 466 in
701 407 873 468 defensores
891 409 1030 486 mittunt,
1053 409 1106 469 alii
1124 410 1274 470 machina·

87 497 192 558 tiones
217 496 256 556 ad
275 516 395 556 murum
411 497 572 573 applicant.
605 497 635 556 id
650 496 703 556 ubi
717 495 836 574 Cleopis
851 497 1067 559 animaduertit
1080 499 1173 558 turris
1187 502 1274 559 lanta

89 585 290 646 multitudine
310 586 348 646 ad
367 586 510 663 oppidum
529 605 684 646 accurrere
703 586 824 662 uimque
843 584 1046 664 tantam[que]
1063 588 1192 648 telorum
1210 592 1274 648 tor-

89 675 205 735 mentis
225 675 385 734 missorum
400 694 433 735 re
448 675 604 735 inuisitata
618 675 782 750 pertimuit.
816 677 912 736 credit
926 695 961 736 ec
981 695 1051 736 saxa
1064 677 1165 736 neruis
1180 677 1299 737 missal

89 764 111 840 †
126 763 296 840 scorpionis
315 765 486 840 catapultas
501 783 571 824 arcu
591 767 728 824 extensas
746 765 860 824 nolare.
893 783 960 824 cum
979 757 988 846 Η
1007 765 1100 825 tantis
1122 765 1180 824 uir·
1199 775 1208 830 l
1226 777 1266 819 fol·
1280 772 1321 819 ⁹⁶⁸

89 853 213 913 tutibus
231 853 334 913 hostes
354 871 420 913 esse
443 855 577 930 putaret,
602 853 764 930 Ariplicem
788 857 962 930 ceterosque
983 855 1092 915 amicos
1112 859 1270 931 conuocat3
1288 829 1325 884 42

89 943 283 1017 cohortatur,
302 945 337 1002 nt
351 942 492 1019 oppidum
507 941 677 1002 Alexandro
696 943 816 1002 dedant.
852 943 1049 1002 mercennarii
1063 947 1166 1004 contra
1180 945 1273 1005 recla-

90 1033 216 1092 mantes
234 1031 381 1107 impedire
396 1049 430 1090 ac
450 1031 626 1090 seditionem
640 1031 738 1090 iacere
753 1035 921 1107 coeperunt.
954 1035 1075 1108 postero
1090 1031 1138 1092 die
1153 1031 1272 1109 Cleopis

91 1121 174 1180 clam
189 1115 307 1197 legatos
323 1120 361 1179 ad
376 1118 579 1178 Alexandrum
594 1113 675 1196 <de>
691 1120 839 1180 deditione
858 1121 953 1180 mittit
967 1125 1095 1196 oratum,
1113 1121 1159 1181 uti
1173 1123 1272 1198 ignos-
1313 1147 1325 1184 a

90 1213 176 1268 cerat
199 1209 288 1286 ipsis3
307 1209 340 1267 ui
363 1208 577 1268 conductorum
596 1209 727 1270 adactos.
764 1227 840 1285 quae
860 1210 996 1270 fecerunt
1015 1209 1121 1268 referri
1143 1211 1175 1269 id
1194 1229 1269 1270 mer·
1287 1217 1325 1272 43

90 1297 230 1357 oennarii
249 1297 395 1374 suspicati
420 1298 456 1356 de
480 1315 534 1356 suo
557 1315 681 1356 numero
705 1296 742 1356 ad
761 1296 965 1358 Alexandrum
988 1300 1105 1375 legatos
1124 1299 1272 1358 miserunt

90 1391 226 1464 oratum,
250 1388 295 1446 uti
321 1405 357 1446 ex
380 1386 488 1462 oppido
508 1385 587 1445 exire
607 1404 718 1463 suaque
742 1390 902 1462 exportare
919 1387 1031 1448 liceret.
1069 1387 1115 1447 his
1136 1388 1271 1465 utrisque

91 1476 175 1552 qnod
196 1475 429 1550 postulauerunt
450 1475 606 1534 concessit.
642 1475 688 1533 illi
710 1494 778 1535 cum
800 1477 944 1536 uxoribus
967 1476 1128 1553 liberisque
1155 1480 1270 1537 etcum

91 1563 318 1640 impedimentis
341 1566 431 1639 porta
459 1563 541 1623 foras
569 1563 706 1623 exierunt
734 1569 764 1623 et
787 1565 825 1623 ab
849 1565 957 1641 oppido
983 1565 1064 1624 haud
1090 1566 1179 1642 longe
1204 1584 1270 1626 con-

91 1653 248 1712 sederunt.
294 1656 414 1728 postero
443 1653 490 1711 die
514 1652 684 1712 Alexander
711 1654 811 1728 copias
839 1653 993 1730 expeditas
1020 1654 1060 1712 ad
1087 1673 1137 1713 eos
1163 1654 1270 1715 ducere
1299 1674 1324 1714 15

93 1740 196 1817 coepit
214 1741 491 1817 pronuntiauitque,
513 1746 550 1800 ut
572 1760 673 1800 omnes
692 1742 938 1804 interficerentur.
975 1743 1022 1801 illi
1038 1743 1092 1801 ubi
1111 1743 1182 1819 quid
1201 1763 1269 1820 age·
1286 1750 1324 1806 44

91 1834 178 1889 retur
197 1834 366 1907 senserunt,
384 1822 393 1891 l
411 1828 621 1905 inpedimentis
640 1830 671 1889 in
690 1830 822 1890 medium
843 1831 975 1891 collectis
994 1831 1052 1907 ipsi
1071 1832 1179 1891 armati
1197 1841 1207 1897 ll
1225 1843 1265 1882 101-
1280 1835 1318 1882 9⁶r

93 1919 359 1978 circumsteterunt
385 1919 484 1994 parati
508 1922 562 1977 snt
585 1919 724 1979 iniuriam
748 1919 882 1979 refutare
911 1924 964 1980 aut
987 1939 1041 1996 pro
1065 1921 1208 1980 uxoribus
1236 1941 1269 1981 ac

93 2007 198 2067 liberis
223 2011 351 2066 mortem
379 2007 499 2067 fortiter
530 2008 621 2067 obire.
669 2009 759 2068 simul
791 2009 920 2068 clamare
947 2012 1110 2085 coeperunt
1142 2009 1269 2068 Alexan-

93 2096 182 2154 drum
209 2096 241 2154 in
274 2095 333 2154 fide
365 2114 425 2154 non
458 2115 586 2156 manere.
632 2096 802 2156 Alexander
834 2097 910 2156 dixit
946 2116 977 2157 se
1010 2116 1045 2157 ex
1080 2098 1188 2180 oppido
1221 2117 1268 2158 ex·
1297 2120 1324 2158 no

94 2183 199 2262 eundi,
226 2202 286 2243 non
314 2184 443 2242 abeundi
473 2186 654 2261 potestatem
682 2186 797 2247 fecisse.
845 2187 947 2262 itaque
971 2186 1165 2262 impressione
1189 2186 1269 2247 facta
1285 2196 1323 2250 lb

93 2270 215 2348 †mnlti
229 2272 282 2331 diu
294 2290 465 2349 paucosque
480 2273 654 2333 resistentes
668 2275 813 2336 acerrimo
829 2276 991 2335 certamine
1006 2294 1096 2353 aegre
1110 2278 1269 2351 superatos

94 2378 199 2420 omnes
217 2361 442 2421 interfecerunt.
480 2361 587 2422 deinde
606 2364 644 2421 ad
662 2363 804 2440 oppidum
822 2365 1022 2424 reuersionem
1042 2365 1186 2424 fecerunt.
1226 2367 1268 2425 eis

94 2449 215 2508 obuiam
246 2450 331 2509 uenit
359 2448 478 2526 Cleopis
511 2469 578 2509 cum
609 2454 713 2528 populi
746 2453 930 2530 principibus
964 2473 999 2512 ac
1028 2457 1136 2529 nepote
1166 2472 1269 2531 paruo,

94 2556 166 2613 prae
185 2555 218 2597 se
237 2539 353 2598 uelatas
376 2541 524 2599 uerbenas
548 2557 583 2598 ac
605 2540 709 2618 fruges
734 2541 873 2617 supplicii
897 2541 983 2619 signa
1002 2545 1168 2617 portantes.
1204 2545 1270 2602 tnm
1297 2562 1322 2602 aa

96 2627 266 2687 Alexandro
282 2627 373 2686 facies
386 2628 521 2687 mulieris
534 2628 659 2703 pulchra
673 2630 739 2688 uisa
758 2633 812 2689 est.
846 2634 912 2689 erat
931 2631 1010 2689 enim
1025 2634 1107 2690 statu
1125 2649 1160 2689 ac
1174 2630 1269 2708 digni-

95 2719 157 2774 tato
173 2733 218 2792 ea,
237 2718 274 2774 ut
287 2709 413 2794 <haud>
429 2717 555 2792 ignobili
573 2717 637 2776 loco
656 2721 724 2778 orta
742 2721 832 2794 atque
851 2719 976 2793 imperio
996 2718 1089 2795 digna
1105 2719 1268 2779 uideretur.

96 2803 203 2864 deinde
222 2804 392 2864 Alexander
409 2823 476 2864 cum
490 2805 593 2882 paucis
607 2806 638 2864 in
659 2806 801 2882 oppidum
820 2807 938 2866 introiit
956 2807 1056 2884 ibique
1072 2799 1081 2889 Η
1099 2826 1175 2866 eom·
1194 2816 1203 2872 ll
1220 2818 1260 2858 101.
1276 2814 1316 2860 ⁹⁷⁸

95 2893 196 2968 plures
216 2892 279 2952 dies
299 2898 498 2953 commoratus
518 2897 572 2954 est.
609 2896 678 2954 hinc
692 2895 845 2970 profectus
864 2892 1107 2972 †Bagasdaram
1126 2895 1266 2972 oppidum
1285 2901 1322 2958 46

96 2981 228 3054 deuenit,
247 2981 326 3058 qnod
345 2981 500 3042 dicebatur
518 2983 663 3042 Hercules
683 3002 852 3061 expugnare
870 3002 930 3043 non
948 2985 1091 3060 potuisse.
1119 2985 1197 3044 hunc
1216 2986 1267 3046 ubi
1295 3004 1322 3042 ao

97 3070 218 3131 barbari
232 3075 458 3148 conspexerunt,
475 3072 507 3131 in
521 3075 654 3131 montem
668 3071 822 3131 Auernum
839 3074 1046 3151 confugerunt,
1065 3074 1114 3134 cni
1128 3074 1269 3135 circuitus

96 3158 230 3218 stadium
247 3157 336 3216 XVII
356 3155 466 3235 [milia]
491 3164 556 3220 erat
579 3161 610 3220 in
636 3181 752 3220 summo
772 3163 893 3222 uertice.
930 3163 978 3221 hic
996 3163 1188 3238 plenissimus
1207 3182 1269 3223 om-

96 3247 178 3306 nium
204 3264 348 3322 generum
375 3248 486 3326 unium,
513 3268 590 3325 quae
618 3268 706 3310 uoces
733 3250 928 3311 imitarentur
950 3252 1105 3311 hominum
1135 3244 1269 3334 [psittaci

96 3339 182 3394 amnt
200 3332 313 3410 mnlti].
350 3355 504 3397 eumcum
522 3341 653 3398 montem
673 3338 844 3399 Alexander
862 3339 944 3399 adire
959 3343 1125 3418 conaretur,
1144 3341 1266 3400 barbari
1283 3341 1320 3397 47

97 3424 194 3484 eloco
213 3424 368 3499 superiore
392 3425 586 3503 dictitabant,
609 3427 636 3486 si
659 3428 828 3488 Alexander
850 3446 883 3488 se
905 3429 1061 3490 fortiorem
1085 3448 1175 3505 quam
1194 3429 1267 3488 Her·
1296 3443 1322 3482 ³⁵

96 3513 191 3571 cnlcm
210 3515 345 3588 putaret.
380 3514 484 3591 itaque
501 3514 672 3575 Alexander
696 3517 859 3576 exercitum
883 3517 1056 3577 cohortatus
1079 3519 1118 3576 ad
1137 3521 1268 3578 montem

96 3600 228 3661 adduxit.
256 3601 321 3677 ipse
335 3601 451 3677 primus
466 3603 594 3663 maximo
614 3623 680 3664 cnm
696 3606 799 3665 labore
814 3625 848 3666 ac
861 3606 994 3684 periculo
1009 3605 1122 3666 uersari
1133 3652 1267 3668 .........

185 3775 199 3824 1
220 3769 455 3843 machinationes]
470 3771 703 3841 machinationib3
724 3773 862 3845 [litterab
877 3790 911 3829 ex
927 3775 962 3830 ‘e’
977 3791 1047 3831 corr.
1129 3780 1145 3829 A
1160 3775 1268 3831 adnim-

98 3841 218 3897 aduertit
232 3841 295 3913 [sed
304 3840 381 3910 prior
389 3842 486 3898 littera
496 3843 514 3898 d
524 3844 612 3913 eluta]
668 3849 683 3896 3
699 3845 855 3970 accurrered]
867 3859 1010 3929 occurrere
1026 3849 1030 3916 Ι
1060 3847 1127 3930 que]
1142 3847 1237 3928 dalani

98 3913 272 3984 osxmnssa]
292 3929 325 3966 ex
346 3913 497 3968 ‘extensus'
518 3931 587 3970 corr.
602 3932 643 3983 pr.
657 3933 695 3971 m.
776 3923 792 3970 9
813 3915 831 3988 <
853 3915 889 3990 a>
906 3933 1011 3972 inserui
1032 3919 1036 3986 Ι
1061 3915 1232 3974 deditionem

100 3989 129 4038 10
147 3981 230 4053 ipsie;
255 3983 296 4054 ni]
321 3983 377 4052 ipsi
396 3984 439 4039 sni
464 3987 468 4052 Ι
494 3985 708 4058 conductorum]
727 3986 941 4055 conductorem
963 4003 1032 4042 corr.
1051 3987 1241 4044 Reitzenstein
1262 3991 1266 4062 Ι

99 4053 224 4126 adactos]
239 4053 368 4122 adactus;
384 4071 452 4110 corr.
468 4055 658 4112 Reitzenstein
674 4061 679 4128 Ι
695 4074 749 4126 que
765 4061 770 4128 1
786 4057 895 4130 reterri]
910 4059 1013 4113 referre
1073 4065 1106 4114 18
1121 4060 1237 4114 refutari

99 4131 130 4178 20
152 4125 236 4179 tidem
260 4127 264 4194 Ι
290 4127 391 4180 exandi
481 4132 514 4182 21
535 4128 668 4208 abeundi]
686 4127 842 4194 habeundi;
863 4146 932 4184 corr.
952 4129 1040 4200 Keil}
1065 4131 1232 4198 impresione

98 4195 275 4251 ltmnltidrn
292 4201 296 4264 Ι
312 4197 474 4268 agenn-imo
527 4203 562 4252 24
576 4199 720 4267 princibus
774 4203 808 4251 25
823 4199 969 4269 suppliciis
983 4202 1048 4270 igne
1103 4204 1136 4252 al
1152 4201 1268 4273 (haud)

99 4267 224 4392 'lim‘
241 4267 575 4411 claustralia
588 4269 776 4410 saliua
792 4269 1128 4397 ulcuscula
1148 4272 1266 4398 tua.

99 4355 223 4466 hhhiatur
295 4355 329 4464 gl
348 4359 478 4466 lacunari
491 4411 578 4466 statui
