3014 4922
211 257 275 320 100
702 258 734 312 Ο.
750 257 885 326 Wagner:

155 430 259 478 f01·1⁰⁷r
272 434 281 489 l
300 446 383 487 more
401 426 529 486 barbaro
544 427 671 485 amatre
689 444 745 485 sua
763 426 837 485 duos
850 417 861 508 {l
878 425 954 486 filios
975 429 1006 486 et
1023 429 1085 486 tres
1100 425 1178 486 filias
1192 427 1391 504 produxerat,

156 489 195 543 2⁰
211 514 316 575 foedus
334 516 413 575 fecit.
442 515 547 575 deinde
562 515 659 575 hieme
675 518 777 574 exacta
794 515 955 575 exercitum
973 509 1054 594 (ad)
1070 515 1172 575 Dahas
1187 517 1271 576 duxit
1287 511 1389 595 [quo].

211 604 419 680 Stiphamenes
438 623 474 662 ex
489 623 523 663 eo
537 605 601 663 loco
617 604 654 662 ob
669 603 745 662 hanc
760 622 879 663 causam
893 622 953 664 non
967 605 1152 680 profugerat,
1168 607 1246 682 quod
1261 624 1390 664 uxorem

211 692 360 768 quandam
374 693 546 752 Bactrinam
561 693 657 752 forma
671 693 873 769 praecellenti,
893 713 983 770 quam
998 691 1219 770 magnificabat,
1238 693 1280 752 ibi
1295 695 1391 754 habe-

184 782 269 843 sbat.
312 781 388 840 hanc
411 781 442 839 in
467 781 604 840 omnibus
628 781 785 841 itineribus
810 785 840 840 et
863 781 1015 841 laboribus
1043 801 1143 842 secum
1168 783 1307 842 ducebat.
1350 802 1390 842 ea

211 889 278 929 aum
301 870 465 929 Alexandri
491 870 654 930 aduentum
680 871 826 949 audisset,
852 873 945 946 negat
971 889 1002 930 se
1028 889 1064 930 ex
1089 870 1197 947 oppido
1223 871 1389 949 exituram3

211 958 318 1018 deinde
337 962 406 1034 post
423 959 522 1018 uirum
541 959 646 1018 multis
664 960 802 1036 precibus
829 978 914 1020 orare
939 960 1050 1035 coepit,
1075 961 1109 1018 ut
1127 959 1290 1019 Alexandri
1313 960 1389 1018 fidei

158 1055 193 1108 21
213 1066 244 1106 se
263 1047 410 1126 traderet,
430 1048 530 1107 atille
549 1048 655 1108 noluit.
685 1049 716 1106 id
734 1049 787 1108 ubi
806 1047 967 1125 impetrare
986 1067 1045 1107 non
1063 1047 1177 1124 potuit,
1195 1049 1227 1106 in
1245 1049 1389 1108 conuiuio

212 1155 280 1195 eum
299 1137 405 1214 coegit,
425 1139 460 1196 ut
477 1137 616 1213 poculum
636 1136 762 1215 biberet,
786 1156 914 1213 eumque
933 1137 1084 1197 defessum
1104 1155 1207 1197 somno
1227 1135 1321 1196 dedit.
1354 1141 1390 1196 at

88 1296 90 1301 Ι
172 1244 198 1282 ro
211 1225 266 1284 ubi
293 1225 445 1285 silentium
473 1243 537 1285 esse
566 1225 672 1304 sensit,
706 1226 742 1284 de
774 1227 851 1286 lecto
881 1225 1010 1286 surrexit
1037 1229 1067 1285 et
1094 1226 1235 1301 puluinar
1266 1226 1334 1286 uiro
1368 1245 1388 1284 a

212 1313 308 1390 capite
332 1314 482 1374 subduxit.
536 1315 580 1374 ita
607 1314 787 1392 gurgulione
816 1317 937 1374 extenso
969 1317 1059 1391 caput
1086 1333 1104 1372 a
1132 1332 1254 1390 corpore
1281 1314 1386 1391 gladio
1451 1343 1455 1350 ·

98 1407 99 1410 ’
213 1403 340 1462 abscidit
367 1406 397 1463 et
426 1403 470 1462 ita
497 1421 564 1462 cum
591 1420 650 1463 uno
679 1405 797 1463 seruulo
824 1406 912 1478 porta
934 1421 1095 1480 progressa
1117 1402 1156 1462 ad
1178 1401 1387 1462 Alexandrum

158 1499 196 1554 22
213 1492 244 1549 in
271 1493 370 1550 castra
397 1491 526 1550 deuenit.
577 1510 643 1550 eam
668 1492 808 1552 custodes
837 1492 875 1550 ad
900 1510 1002 1569 regem
1031 1492 1218 1552 deduxerunt
1245 1493 1387 1552 decoram

157 1599 197 1638 r01.
208 1592 263 1640 roaa
273 1597 283 1653 fl
302 1582 410 1640 ornatu
425 1599 458 1639 ac
473 1581 586 1640 formae
601 1580 757 1658 dignitate,
767 1575 867 1659 <etsi>
881 1573 890 1662 Ι]
904 1584 1028 1640 cruenta
1043 1584 1115 1641 erat.
1144 1584 1176 1640 at
1189 1581 1243 1640 ubi
1257 1581 1386 1641 Alexan·
1491 1593 1492 1642 3

172 1688 196 1729 15
211 1668 264 1728 der
290 1672 413 1744 repente
438 1672 625 1745 conspicatus
651 1673 697 1729 est
721 1669 964 1746 multimodisque
990 1669 1171 1743 admiratus,
1203 1688 1279 1746 quae
1305 1674 1405 1731 esset*

157 1766 195 1820 23
215 1758 263 1816 uel
287 1757 359 1834 quid
383 1758 525 1835 uenisset,
547 1761 612 1818 tum
635 1759 689 1818 illa
711 1761 801 1834 caput
824 1758 881 1816 uiri
907 1759 1023 1819 extulit.
1068 1762 1134 1818 tum
1161 1777 1214 1817 rex
1237 1759 1385 1819 exclama·

210 1847 267 1905 uit:
293 1841 321 1906 ‘o
345 1848 476 1922 piissime
501 1846 706 1925 Stiphamene,
731 1848 852 1907 tandem
875 1866 986 1922 poenas
1011 1867 1065 1924 pro
1089 1847 1249 1907 sceleribus
1275 1867 1384 1925 pepen-

211 1929 311 1995 distil’
343 1937 449 1996 deinde
477 1937 611 1996 mulieris
639 1955 760 1996 manum
788 1936 986 2013 adprehendit
1013 1937 1185 2015 gratiasque
1214 1937 1285 2012 egit.
1334 1957 1385 1996 ne·

211 2044 268 2100 que
283 2025 443 2101 quicquam
458 2027 579 2086 honoris
598 2027 713 2104 habuit,
732 2045 769 2086 ne
789 2026 1011 2085 existimaretur
1030 2027 1067 2084 ob
1087 2025 1150 2083 eius
1172 2025 1285 2084 formae
1305 2025 1385 2102 cupi-

171 2135 197 2172 ao
211 2112 338 2172 ditatam
356 2115 473 2174 fecisse.
510 2116 589 2190 quod
608 2115 660 2173 ubi
678 2116 791 2174 iactum
805 2114 908 2174 Dahae
923 2114 1135 2189 Stiphamenen
1153 2113 1282 2172 occisum
1302 2113 1384 2172 audi-

211 2204 308 2277 erunt,
329 2201 475 2261 Cattenen
490 2207 520 2261 et
534 2203 747 2278 Dataphernen
761 2204 979 2278 conprehensos
998 2202 1037 2260 ad
1052 2200 1256 2260 Alexandrum
1274 2202 1395 2261 addux:

157 2295 195 2351 24
213 2292 309 2349 erunt.
346 2291 413 2350 ideo
432 2290 603 2351 Alexander
621 2291 781 2349 exercitum
800 2291 830 2352 in
851 2290 994 2366 oppidum
1008 2290 1116 2350 ducere
1135 2291 1240 2350 noluit.
1278 2291 1385 2350 deinde

210 2378 381 2439 Alexander
404 2398 439 2438 ex
463 2398 497 2438 eo
520 2380 585 2438 loco
608 2378 760 2454 profectus
785 2380 838 2437 est.
890 2397 957 2438 cum
979 2379 1040 2438 iam
1067 2380 1190 2438 tertium
1220 2379 1298 2438 diem
1326 2379 1385 2439 iter

210 2468 331 2546 faceret,
350 2471 474 2543 repente
488 2470 575 2526 nocte
589 2468 669 2526 caelo
690 2467 819 2527 obducta
837 2467 916 2526 niuis
934 2468 1096 2528 multitudo
1112 2470 1224 2526 terram
1239 2469 1384 2545 contexit,

171 2575 196 2614 aa
212 2557 317 2615 deinde
341 2557 473 2632 undique
499 2557 546 2616 uis
574 2559 733 2615 uentorum
761 2575 829 2616 cum
856 2555 1027 2616 turbinibus
1056 2556 1184 2616 maximo
1214 2575 1280 2615 cum
1309 2558 1384 2616 caeli

157 2664 196 2704 ror.
209 2659 262 2706 roar
274 2663 284 2719 p
308 2645 434 2721 strepitu
453 2645 700 2723 creberrimisque
720 2665 786 2706 cum
805 2645 974 2722 fulgoribus
992 2638 1002 2727 1]
1028 2649 1131 2705 exorta
1150 2648 1208 2722 est,
1232 2647 1266 2704 ut
1285 2647 1385 2705 omnia

157 2742 195 2798 25
214 2736 310 2795 euerti
333 2753 368 2794 ae
390 2735 561 2810 perturbari
584 2735 768 2796 uiderentur.
811 2754 879 2794 cum
902 2735 1013 2810 frigore
1037 2733 1132 2794 omnis
1156 2735 1262 2793 humor
1285 2737 1383 2793 terrae

212 2824 306 2883 coiret
329 2842 363 2883 ac
382 2823 583 2901 glaoiescsret,
607 2828 642 2883 ut
664 2824 859 2884 tabernacula
882 2842 916 2883 ac
934 2824 1117 2884 uestimenta
1137 2823 1267 2881 rnilitum
1285 2822 1384 2899 rigida

213 2913 455 2991 obdurescerent,
475 2932 541 2972 eum
556 2912 689 2972 laborem
709 2913 882 2990 aliquandiu
896 2913 1075 2974 Macedones
1090 2910 1226 2988 perpessi
1244 2913 1323 2970 sunt.
1353 2915 1384 2972 at

172 3021 199 3060 ao
213 3001 266 3060 ubi
285 3001 382 3077 frigus
402 3003 538 3078 augescit
557 3021 591 3061 ac
614 3002 662 3061 uis
687 3005 902 3078 tempestatum
924 3020 984 3062 non
1006 3001 1231 3074 intermittitur,
1256 3000 1294 3059 ad
1311 3019 1383 3076 quos

160 3098 198 3152 26
215 3090 342 3167 quisque
361 3091 461 3166 potuit
479 3091 560 3149 uicos
575 3108 609 3149 ac
623 3091 713 3150 uillas
728 3092 842 3166 passim
859 3089 1002 3166 profugit.
1034 3089 1146 3165 partim
1161 3106 1192 3146 se
1207 3088 1244 3146 ad
1264 3090 1383 3148 arbores

213 3179 413 3255 adplicabant,
431 3179 570 3238 nonnulli
585 3179 639 3237 sub
654 3198 745 3254 rupes
760 3183 849 3257 atque
863 3177 1056 3254 impendentia
1078 3195 1149 3236 saxa
1163 3177 1383 3253 confugiebant.

212 3268 264 3327 alii
283 3286 351 3328 oum
370 3287 405 3327 ex
424 3287 500 3344 equo
521 3268 699 3328 descendere
722 3270 909 3340 conarentur,
933 3267 970 3325 ob
994 3270 1147 3343 torporem
1166 3265 1332 3341 nequibant
1351 3286 1383 3326 ac

212 3357 342 3435 uestigio
362 3375 394 3416 se
412 3375 532 3417 mouere
556 3375 616 3416 non
639 3359 787 3433 poterant.
824 3359 889 3415 tum
913 3355 938 3414 si
957 3355 1010 3432 qui
1029 3355 1181 3430 cubuerat,
1200 3373 1267 3414 cum
1286 3373 1383 3414 exsur-

172 3465 198 3504 35
212 3465 284 3524 gere
302 3449 470 3524 conaretur,
489 3449 574 3506 ueste
593 3448 730 3506 concreta
749 3447 786 3504 ad
807 3448 919 3504 terram
938 3444 1090 3518 haerebat,
1109 3447 1144 3502 ut
1161 3461 1258 3518 neque
1276 3442 1308 3500 in
1324 3463 1383 3504 ma-

212 3536 300 3596 nibus
324 3554 407 3595 arma
433 3535 543 3594 habere
569 3538 704 3613 possent,
732 3535 776 3594 ita
802 3537 835 3593 ut
858 3535 950 3593 uento
976 3534 1174 3611 differrentur,
1199 3529 1259 3607 [ut]
1288 3550 1383 3610 neque

160 3632 196 3688 27
215 3624 375 3702 quisquam
395 3645 426 3684 se
445 3644 540 3701 neque
564 3625 693 3683 alterum
716 3623 860 3682 adiuuare
884 3624 995 3698 posset.
1033 3622 1121 3680 huius
1144 3621 1177 3679 ui
1195 3621 1383 3696 tempestatis

213 3713 382 3773 miserrima
404 3718 500 3773 morte
525 3714 563 3773 ad
586 3713 740 3772 hominum
763 3712 845 3771 XXX
869 3711 966 3797 milia,
993 3711 1195 3769 iumentorum
1221 3709 1384 3770 1111n1i1n

304 3959 318 4008 1
334 3954 396 4024 sua]
411 3972 462 4008 rua
521 3960 537 4008 2
556 3953 636 4026 (ad)
651 3951 749 4007 addidi
765 3956 769 4022 Ι
786 3951 892 4022 Dahas]
908 3951 1010 4004 daaeas
1027 3951 1032 4019 Ι
1048 3949 1128 4021 [quo]
1144 3948 1236 4003 deleui
1290 3956 1307 4005 8
1321 3969 1382 4006 con-

213 4024 303 4096 uiuis]
319 4025 478 4079 conuiuium
552 4033 584 4078 12
600 4027 709 4094 portam
783 4029 815 4076 13
830 4021 972 4093 decoram]
988 4037 1118 4090 quorum3
1134 4037 1202 4076 corr.
1214 4021 1354 4076 Schwartz

216 4101 249 4150 14
264 4095 360 4168 (etsi)
376 4096 504 4166 supplcui
578 4102 610 4150 15
625 4095 722 4150 multis
736 4095 881 4162 modisque
956 4099 987 4147 19
1003 4093 1050 4160 ob]
1065 4093 1101 4147 ab
1118 4099 1122 4158 Ι
1138 4092 1255 4163 formae]
1273 4091 1380 4147 ‘forma'

215 4184 283 4221 corr.
304 4185 337 4222 ex
357 4168 466 4222 ‘forme’
487 4186 528 4236 pr.
543 4185 579 4221 rn.
652 4173 686 4221 20
707 4166 814 4236 Dahae]
834 4164 978 4230 danaidel
1003 4164 1204 4233 stephamenen
1275 4169 1307 4217 21
1330 4166 1381 4218 cat-

214 4240 301 4308 tancl
322 4238 509 4311 adduxerunt]
530 4254 598 4294 corr.
615 4256 648 4293 ex
664 4237 856 4293 ‘addexerunt’
872 4255 913 4306 pr.
929 4254 966 4291 m.
1038 4241 1073 4290 24
1092 4234 1214 4289 obducto
1287 4239 1321 4288 28
1340 4251 1380 4289 co-

215 4363 290 4418 hiret
361 4371 395 4418 30
413 4362 577 4418 intermittit
648 4368 682 4417 33
701 4363 784 4434 equo]
810 4379 842 4418 eo
862 4380 916 4432 quo
993 4367 1028 4417 34
1047 4323 1179 4428 eiurgere
1256 4363 1290 4412 36
1308 4357 1381 4412 diffe-

216 4438 332 4506 rentur!
353 4435 409 4510 [ut]
425 4434 530 4491 deleuit
549 4432 737 4490 Reitzenstein
809 4442 842 4491 37
861 4435 964 4508 alterii
985 4431 1133 4502 adiuuari}
1153 4431 1195 4484 uis
1268 4434 1302 4482 38
1321 4431 1351 4484 at
