3014 4922
194 280 258 345 112
703 279 735 334 Ο.
754 279 890 349 Wagner:

196 450 336 523 infestae,
359 449 404 509 ita
427 448 467 521 hi,
490 465 564 523 quos
589 445 699 506 circum
718 449 749 506 te
769 446 870 524 habes,
889 450 959 506 sunt
977 446 1088 506 inimici
1107 447 1251 524 breuique
1271 443 1370 522 spatio

142 547 180 602 95
197 541 251 598 tua
276 540 371 596 morte
398 537 478 596 orbis
504 539 603 594 terrae
627 535 754 610 imperia
780 529 1065 595 commutabuntur.'
1109 536 1181 595 haec
1207 535 1259 594 ubi
1286 536 1371 614 dixit,

196 628 276 687 foras
291 625 430 685 excessit
452 626 680 699 monstrumque
705 643 814 698 secum,
841 628 877 684 ut
900 625 1096 699 combureret,
1119 623 1257 683 abstulit.
1304 628 1371 684 tum

196 714 366 774 Alexander
384 713 441 772 ait:
461 706 490 771 ‘o
504 705 652 788 Iuppiter’
668 711 766 789 inquit
784 707 913 772 ‘utinam
931 715 1054 773 conatus
1069 731 1150 772 meos
1165 731 1212 772 me
1226 713 1371 788 perficere

169 821 302 880 spossus
322 803 418 862 essesl
444 801 496 861 sed
515 801 654 877 quoniam
674 801 719 860 ita
736 801 793 860 tibi
811 803 909 860 uisum
929 803 988 876 est,
1007 801 1108 876 accipe
1126 821 1174 860 me
1192 805 1227 860 ut
1245 802 1370 860 tertium

195 883 374 951 mortalem?
403 882 476 970 (his,
494 891 529 948 ut
546 889 674 962 uidetur,
693 889 835 950 Liberum
854 890 977 949 Patrem
999 890 1129 965 primum
1153 889 1372 950 adnumerabat

196 980 398 1039 immortalem
416 979 543 1055 factum,
565 979 727 1037 secundum
745 978 915 1055 Herculem,
933 979 1058 1039 tertium
1077 997 1108 1037 ss
1127 996 1187 1037 non
1205 979 1372 1038 minoribus

197 1068 285 1128 factis
305 1068 430 1144 dignum
448 1067 573 1127 deorum
591 1067 702 1126 mensis
721 1060 861 1147 dixerat).
897 1067 999 1142 itaque
1018 1071 1089 1142 post
1112 1067 1165 1125 illa
1188 1067 1268 1126 uitas
1294 1069 1372 1127 diffi-

144 1167 183 1222 66
198 1158 271 1217 dens
294 1157 393 1216 animo
418 1155 491 1215 forti
514 1155 616 1214 futura
640 1158 823 1232 expectabat.
862 1156 981 1215 interim
1003 1153 1197 1232 Cassandrus,
1217 1156 1373 1232 Antipatri

161 1268 187 1307 ιο
200 1246 290 1324 filius,
305 1245 491 1321 Babylonem
510 1243 595 1303 uenit
607 1263 799 1322 muneraque,
814 1264 889 1322 quae
904 1245 1057 1321 attulerat,
1072 1243 1137 1319 regi
1152 1245 1242 1304 dedit.
1266 1245 1373 1304 deinde

197 1335 304 1394 Iollam
336 1334 460 1393 fratrem
494 1333 633 1392 eductum
662 1333 813 1409 conuenit,
841 1333 936 1408 patris
965 1332 1119 1410 mandata,
1149 1331 1336 1409 Olympiadis
1365 1327 1374 1414 ll
1442 1371 1449 1384 ·

144 1444 184 1483 fol.
196 1438 247 1484 uer
262 1440 271 1496 ιι
293 1422 475 1494 inimicitias,
494 1420 659 1480 Alexandri
679 1423 809 1480 animum
829 1439 864 1481 ac
882 1421 1062 1498 superbiam,
1087 1421 1252 1496 periculum
1278 1422 1373 1482 totius

198 1511 330 1570 familiae
355 1509 495 1586 proponit
519 1512 550 1567 et
571 1527 686 1568 ueneno
709 1509 821 1568 tradito
847 1509 1029 1584 cohortatur,
1055 1510 1100 1568 uti
1125 1511 1309 1582 occasionem
1335 1530 1374 1570 ne

146 1609 182 1664 97
201 1619 292 1674 quam
310 1598 573 1674 praetermitteret.
611 1597 716 1657 deinde
732 1598 900 1657 Alexander
916 1595 1084 1674 'ssdpollos
1104 1598 1278 1659 effecturum
1297 1600 1375 1659 dixit

159 1708 185 1748 15
200 1707 268 1746 eum
292 1687 368 1746 diem
392 1685 505 1745 festum
529 1704 621 1763 agens
646 1704 712 1746 cum
739 1687 902 1747 amicorum
926 1690 1105 1745 conuentum
1131 1687 1240 1746 habere
1268 1689 1401 1748 uellet⁴

198 1778 258 1835 iam
283 1795 341 1835 non
369 1774 500 1834 alienum
524 1774 646 1834 uidetur
669 1775 720 1852 qui
742 1775 855 1834 fuerint
877 1775 1095 1854 demonstrare,
1122 1793 1250 1854 quorum
1269 1775 1374 1837 Onesi·

199 1865 292 1924 oritus
311 1864 429 1941 fugiens
449 1863 633 1923 simultatem
656 1865 838 1924 mentionem
860 1864 959 1925 facere
982 1864 1087 1924 noluit.
1124 1864 1183 1923 fuit
1208 1865 1374 1940 Perdiccas,

199 1954 325 2022 Medius,
336 1954 516 2026 Leonnatus,
531 1951 624 2029 'serat
637 1956 716 2031 teon,
731 1955 911 2030 Meleagros,
925 1953 1081 2028 Theoclus,
1092 1951 1287 2031 Cassandrus,
1303 1953 1374 2013 Phi-

200 2044 308 2119 lippus,
324 2042 488 2117 Nearchus,
501 2040 636 2119 †staion,
652 2042 836 2118 Heraclides,
852 2042 1034 2120 †oratheus,
1051 2040 1229 2120 Polydorus,
1246 2041 1375 2119 tibens,

148 2141 186 2195 98
201 2130 363 2190 Menander
442 2149 567 2205 quorum
582 2130 654 2206 quid
669 2134 811 2207 ageretur
824 2150 910 2191 nemo
924 2130 985 2189 fuit
998 2131 1121 2208 ignarus
1135 2131 1375 2206 praeterhlume·

162 2241 187 2280 21
202 2238 269 2278 nem
289 2220 319 2277 et
337 2217 508 2276 Perdiccam
527 2221 558 2277 et
575 2218 782 2278 Ptolomaeum
800 2223 831 2278 et
846 2219 1058 2296 Lysimachum
1078 2222 1109 2278 et
1123 2217 1325 2278 Cassandrum
1345 2223 1376 2279 et

202 2306 318 2366 Oloiam
341 2305 493 2381 ceterique
517 2324 618 2365 omnes
642 2307 751 2366 conscii
776 2306 869 2366 Iollae
896 2309 1018 2366 fuerunt
1043 2310 1074 2366 et
1099 2326 1200 2366 rernm
1226 2326 1375 2367 nouarum

203 2395 358 2455 studentes
388 2394 612 2471 potentiamque
640 2393 802 2455 Alexandri
827 2399 978 2474 uerentes,
1005 2415 1063 2472 quo
1091 2397 1172 2456 exitu
1200 2396 1304 2455 futura
1332 2397 1374 2456 fo·

150 2495 188 2549 aa
202 2487 262 2560 ret,
287 2487 319 2543 et
336 2484 394 2542 iam
419 2486 508 2543 antee
529 2483 609 2542 inter
633 2502 664 2543 se
684 2487 769 2544 erant
787 2485 935 2562 collocuti,
954 2486 988 2544 ut
1006 2503 1075 2544 eum
1094 2484 1304 2544 interficerent.
1347 2487 1376 2544 in

150 2594 189 2633 101.
200 2586 254 2636 118⁸
267 2589 276 2647 ιι
300 2570 438 2632 conuiuio
462 2572 619 2632 accubanti
638 2572 732 2633 Iollas
757 2572 898 2650 poculum
916 2565 926 2654 ll
953 2576 1134 2634 uenenatum
1155 2573 1259 2635 tradit.
1297 2574 1377 2649 quod

163 2683 190 2723 ac
203 2662 255 2722 ille
274 2661 327 2720 ubi
346 2661 449 2738 ebibit,
474 2679 609 2720 sermone
631 2681 726 2737 paruo
752 2663 907 2722 interiecto
933 2665 1057 2740 repente
1083 2662 1183 2721 dolore
1209 2664 1376 2721 commotus

203 2749 410 2826 conclamauit,
428 2751 524 2811 ueluti
543 2750 706 2828 sagittatus
725 2755 815 2812 esset.
846 2751 953 2812 deinde
971 2751 1036 2827 ipse
1049 2745 1124 2828 <se>
1139 2750 1327 2826 conprimens
1346 2750 1377 2809 in

204 2840 374 2900 cubiculum
397 2837 480 2898 abiit.
518 2839 564 2898 illi
587 2839 726 2898 continuo
750 2840 950 2899 discesserunt
973 2840 1071 2899 animo
1097 2839 1213 2899 conscio
1235 2839 1375 2899 timentes

204 2928 317 2988 exitum
339 2946 449 2990 rerum.
489 2928 609 2988 interim
632 2928 803 2988 Alexandro
830 2928 1045 2988 malefactum
1069 2931 1123 2988 est.
1165 2946 1231 2987 cum
1255 2945 1376 2988 uomere

165 3038 191 3078 so
204 3018 298 3076 uellet
323 3033 358 3074 ao
383 3018 520 3090 posceret
544 3015 680 3094 pinnam,
705 3036 770 3076 eam
795 3018 917 3093 pinnam
941 3017 1034 3076 Iollas
1056 3035 1173 3076 ueneno
1198 3018 1376 3092 perunctam

206 3104 331 3164 tradidit
348 3103 421 3179 regi.
454 3104 506 3163 ille
524 3103 576 3163 ubi
589 3106 622 3162 in
635 3105 735 3164 fauces
750 3105 877 3177 demisit,
897 3105 975 3179 quod
991 3148 1046 3180 ...,
1068 3103 1281 3180 redintegratis
1296 3105 1378 3165 dolo·

206 3194 289 3251 ribus
309 3191 472 3250 acrioribus
491 3210 550 3250 non
569 3192 780 3251 intermittitur
798 3192 932 3252 cruciari.
970 3192 1013 3250 ita
1032 3195 1149 3251 noctem
1173 3193 1377 3269 peruigilauit.

154 3291 211 3346 100
229 3283 349 3357 postero
377 3279 425 3339 die
456 3297 524 3338 cum
556 3280 746 3356 intellegeret
777 3281 911 3357 linguam
945 3280 1168 3356 obturgescere,
1205 3286 1327 3341 cunctos
1362 3301 1378 3340 e

207 3369 344 3429 cubiculo
363 3368 443 3426 exire
462 3367 560 3446 iussit,
578 3371 622 3447 ut,
641 3368 720 3445 quod
739 3370 842 3446 uellet,
862 3387 961 3429 secum
979 3372 1082 3445 posset
1101 3370 1182 3429 solus
1200 3371 1378 3446 excogitare.

167 3459 260 3520 cased
279 3456 464 3517 Cassandrus
488 3461 524 3516 ut
542 3476 688 3517 uenenum
711 3457 890 3536 tradiderat,
913 3459 950 3518 de
973 3461 1059 3518 nocte
1084 3461 1150 3519 erat
1173 3459 1324 3534 profectus
1346 3459 1379 3517 in

207 3546 349 3606 Ciliciam.
386 3540 538 3626 (Iollam)
559 3547 670 3606 ibidem
694 3550 850 3622 expectare
874 3547 985 3623 coepit,
1011 3567 1080 3606 nam
1105 3547 1148 3606 ita
1173 3547 1379 3624 constituerat,

155 3656 194 3696 r01.
205 3649 256 3697 113²
271 3651 280 3708 ιι
297 3628 375 3714 <ut>
391 3635 561 3695 Alexandro
580 3638 698 3695 mortuo
716 3636 818 3695 statim
832 3637 1008 3713 profugeret
1020 3628 1030 3717 ll
1048 3639 1139 3712 atque
1153 3636 1192 3695 ad
1207 3653 1238 3696 ee
1254 3636 1379 3697 ueniret.

207 3727 271 3800 ipse
291 3723 439 3799 quendam
458 3725 495 3783 de
519 3724 580 3784 suis
600 3723 804 3784 Macedoniam
827 3725 864 3784 ad
888 3729 1004 3800 patrem
1029 3723 1186 3800 praemisit
1208 3724 1311 3800 itaque
1336 3725 1379 3783 in·

208 3813 305 3873 uersis
323 3811 425 3871 uerbis
444 3831 508 3872 rem
526 3816 644 3891 gestam
663 3813 828 3889 descripsit
867 3815 917 3874 sed
937 3814 1106 3873 Alexander
1125 3813 1178 3871 ubi
1198 3831 1258 3871 nox
1280 3813 1361 3872 facta

297 3967 315 4017 4
332 3963 436 4032 iupiter
513 3971 528 4020 6
547 3964 603 4035 his]
623 3963 660 4032 ia,
680 3979 750 4018 corr.
769 3964 959 4022 Reitzenstein
1036 3969 1053 4018 8
1072 3962 1184 4035 mensis]
1203 3963 1344 4019 mentibus

210 4041 244 4089 10
263 4034 449 4106 Babylonem]
464 4035 635 4096 babiloniam
704 4042 736 4090 11
752 4034 911 4106 olimpiadis
980 4039 1013 4087 12
1028 4034 1072 4106 ac]
1087 4036 1122 4088 ad
1192 4038 1225 4088 18
1243 4036 1285 4090 uti
1300 4052 1380 4091 occa·
1503 4011 1504 4024 ἵ

210 4105 327 4180 sionem]
342 4108 374 4161 ut
387 4105 593 4188 ioccaneionem
666 4112 698 4161 15
718 4112 856 4163 conuentu
920 4112 959 4190 ,lt
977 4106 1046 4177 iam]
1061 4123 1127 4160 nam
1144 4107 1148 4175 Ι
1165 4105 1380 4190 υἱᾶεζιιτιιιίᾱθ-

210 4178 356 4304 llllhrent
374 4177 520 4321 illetulrlllll
539 4185 641 4304 etisnll
662 4177 1143 4321 ptlllhlddilllslnlillllolddhllrlllbus3
1164 4179 1380 4305 ollulolltodillln-

212 4319 284 4376 stein
356 4325 390 4374 27
408 4317 481 4392 (se)
499 4319 595 4374 addidi
667 4325 700 4375 31
720 4319 847 4390 dimisit!
866 4319 997 4376 lacunam
1015 4319 1102 4374 statui
1117 4321 1122 4391 Ι
1138 4317 1345 4390 redintegratus

212 4448 246 4498 33
265 4444 407 4501 intelleret
422 4445 427 4514 Ι
443 4409 621 4514 obiurgelere
693 4451 726 4499 36
746 4436 889 4517 (Iollam)
907 4444 1036 4516 suppleui
1107 4449 1141 4500 37
1161 4442 1235 4520 (nt)
1252 4443 1350 4500 addidi
